2014 3360
243 203 299 246 12
895 203 1142 240 PINDARVS

241 316 338 366 108,
368 315 401 356 Ο
431 316 511 355 vn
543 317 618 365 90,
647 315 687 355 Ν
717 315 738 354 Ι
769 317 844 366 20,
873 315 895 354 Ι
923 315 983 355 VI
1014 316 1070 355 32
1113 309 1251 370 (οὔρει
1289 315 1547 368 productione
1585 331 1692 358 mere
1721 332 1803 359 me-

237 381 336 421 trica
361 381 461 431 BD,
491 380 585 421 cfP
609 380 669 419 VI
692 375 786 436 21)·
816 392 1020 430 -υτ-
1048 380 1082 420 Ρ
1106 380 1166 419 IV
1192 381 1289 422 103.
1317 381 1421 431 2273
1450 394 1654 431 -50—-—
1686 383 1720 423 P
1743 383 1804 423 I'V

240 447 307 495 78,
337 445 357 485 1
387 445 429 487 11
454 447 523 496 26,
556 457 762 476 -υυυ-
790 446 847 486 48
886 443 1031 498 (ξένον
1059 440 1138 501 Β),
1127 457 1570 477 ---------
1599 447 1632 486 Ρ
1656 447 1720 487 ῘΠ
1746 450 1799 488 71

237 511 289 550 cll
331 512 387 551 eis
430 524 531 563 quae
572 511 622 553 de
663 512 880 552 metrorum
921 511 1214 565 permutatione
1249 511 1356 551 infra
1392 511 1418 563 ἓ
1450 514 1478 552 4
1515 512 1802 554 adnotavimus.

238 575 340 622 Quid
371 576 476 627 quod
505 577 627 617 etiam
662 577 705 617 in
740 577 870 628 primo
906 577 1121 627 systemate
1157 576 1318 616 licentia
1354 577 1426 616 ina
1464 577 1586 618 latius
1623 591 1804 619 manasse

237 640 362 680 viden
404 642 530 693 possit
567 642 705 682 formis
745 639 884 690 ξένος,
929 638 1080 690 μόνος,
1120 638 1232 691 δορί,
1277 638 1420 691 νόεοε,
1460 629 1582 691 κόρα’
1607 643 1804 684 restitutis

237 704 433 756 ΟΙΠΙ,
469 700 1804 761 n⁴17(cvatt)‚NIX2,fr1‚5;P1x10‚1V12;

237 770 271 811 Ο
290 770 348 810 VI
369 773 442 821 17;
460 771 503 828 Ρ
521 771 585 811 ΠΙ
605 773 644 822 7,
667 771 726 811 IX
747 770 829 811 13?
861 770 938 810 Sed
963 771 1152 821 quoniam
1177 771 1320 822 quibus
1344 772 1498 824 legibus
1522 774 1640 824 poeta
1663 771 1805 824 longas

237 848 343 876 arses
382 837 592 877 affectandi
628 836 804 877 studium
843 837 1058 877 coercuerit
1100 836 1228 877 adhuc
1270 850 1413 889 parum
1455 839 1623 889 constat,
1653 838 1804 891 delphi-

238 914 324 942 cam
354 902 591 954 sapientiam
619 902 818 943 recordari
847 901 1064 942 malumus:
1107 898 1258 955 ῥᾴδιον
1289 900 1367 952 μὲν
1396 900 1480 953 γὰρ
1510 899 1639 944 πόλιν
1669 904 1800 944 (eicon

216 963 305 1006 ικαὶ
335 962 658 1016 ἀφαυροτέροις.

356 1027 710 1081 Οὔλυμπόνδε,
753 1028 1102 1081 Οὐλυμπόθεν.
1171 1032 1390 1073 Pindarum
1430 1046 1635 1084 nunquam
1676 1034 1805 1074 dicere

240 1092 483 1145 Οὐλύμπιοε
514 1091 643 1151 (-πία,
675 1093 806 1146 -πιάε,
839 1093 1060 1147 -πιόνικοε,
1094 1094 1327 1151 -πιονίκαε)
1359 1097 1585 1138 observavit
1607 1098 1679 1139 Fel
1696 1098 1806 1151 Vogt

239 1161 317 1202 diss
337 1162 556 1213 Argentan-
572 1161 632 1200 IV
651 1162 756 1212 2953
780 1161 829 1202 de
853 1162 1054 1214 epicorum
1078 1175 1158 1202 usu⁴¹
1171 1162 1315 1203 Hartel
1335 1163 1511 1203 zeitschr
1523 1165 1656 1204 ὅπου·
1674 1163 1805 1215 Gymn

242 1227 367 1275 1876,
399 1227 497 1276 625,
526 1226 637 1267 wilh
669 1226 833 1268 schulze
864 1241 918 1279 qu
948 1241 1026 1280 epp
1061 1229 1159 1268 271.
1219 1227 1334 1269 Adde
1370 1241 1420 1268 ne
1451 1225 1681 1278 Ofikuurro‘c
1719 1230 1804 1280 qui-

238 1291 325 1331 dem
357 1304 446 1331 cum
476 1292 596 1344 epicis
626 1293 755 1344 poetis
784 1305 978 1345 usurpare
1009 1306 1100 1333 eum
1130 1293 1304 1334 voluisse
1334 1294 1413 1334 nisi
1442 1294 1504 1335 bis
1535 1294 1647 1346 epica
1676 1295 1806 1334 forma

238 1369 353 1396 usum
383 1354 664 1407 Οὐλυμπόνδε
696 1356 729 1398 Ο
753 1357 817 1397 m
843 1359 898 1398 36
931 1353 1053 1413 (male
1085 1354 1172 1399 Ὀλ.
1203 1358 1282 1398 ΝΟ
1312 1354 1407 1413 soli)
1445 1360 1485 1398 et
1513 1358 1535 1397 1
1564 1358 1637 1398 HI.
1662 1357 1722 1398 Iv
1748 1360 1802 1399 73

238 1417 290 1474 (si
321 1421 438 1462 modo
469 1435 569 1473 quae
594 1423 679 1463 sola
704 1419 832 1463 exstat
855 1423 883 1462 h
907 1423 1159 1463 lVaticanae
1188 1424 1410 1464 recensioni
1433 1423 1551 1464 fidem
1574 1423 1719 1464 habere
1742 1424 1804 1465 fas

239 1483 334 1541 est),
370 1487 490 1527 semel
526 1488 682 1528 novicia
719 1502 819 1540 quae
855 1488 1030 1539 videtur,
1067 1489 1189 1540 epicis
1210 1488 1386 1547 quidem
1422 1488 1603 1528 inaudita
1636 1485 1804 1540 Οὐλυμ-

239 1550 372 1594 πόθεν
402 1551 434 1591 Ρ
458 1552 518 1591 IV
543 1554 629 1593 214
663 1547 782 1609 (codd
812 1555 896 1595 sive
927 1566 1020 1594 casu
1051 1555 1134 1595 sive
1164 1555 1328 1606 propter
1357 1565 1541 1594 numeros
1571 1566 1714 1605 parum
1743 1555 1803 1595 in·

239 1618 414 1657 telleetos
456 1615 746 1669 τετράκναμον
788 1615 875 1660 ’.ολ
919 1614 1147 1674 praebent),
1194 1619 1475 1670 Bacchylidem
1518 1619 1651 1658 autem
1693 1615 1801 1660 Οὐλ-

239 1683 396 1723 omnino
427 1684 621 1735 ignorare.
681 1684 901 1737 Usurpavit
929 1685 1054 1737 igitur
1083 1684 1280 1726 Pindarus
1314 1685 1358 1724 in
1393 1683 1551 1727 nomine
1581 1679 1803 1731 Ὄλυμπος

239 1749 442 1787 metricam
483 1748 595 1788 inam
633 1762 661 1800 q
695 1763 723 1790 v
751 1750 1051 1803 productionem
1087 1753 1290 1802 epicorum
1332 1760 1406 1788 usu
1449 1748 1641 1789 sancitam
1682 1754 1803 1793 semel

239 1809 292 1864 (Ο
317 1808 410 1867 m),
440 1814 543 1865 epici
565 1826 659 1855 usus
683 1814 780 1856 fines
804 1827 983 1868 egressus
1015 1816 1075 1856 est
1105 1814 1238 1864 semel,
1269 1815 1313 1853 in
1343 1814 1517 1854 extremo
1547 1813 1710 1865 epitrito
1740 1827 1802 1855 ca·

238 1878 420 1917 talectico
450 1872 612 1932 (-υ-
640 1879 674 1919 P
698 1875 794 1935 Ν),
831 1881 880 1922 de
911 1880 1048 1920 eadem
1077 1880 1226 1931 integri
1255 1877 1409 1930 epitriti
1438 1878 1529 1919 sede
1558 1872 1662 1933 (--
1655 1928 1657 1930 V
1672 1875 1802 1936 -—-)

239 1942 334 1992 quid
364 1944 548 1984 statuerit
575 1945 770 1986 incertum
811 1941 852 2000 (1
881 1944 1063 1985 111÷1V
1095 1946 1149 1984 72
1189 1944 1241 1984 cll
1270 1942 1304 1983 Ο
1334 1942 1435 1983 XIII
1466 1944 1541 1994 92,
1576 1944 1615 1984 N
1644 1945 1682 1986 X
1713 1940 1801 2000 84).

241 2006 422 2047 Ceterum
452 2009 549 2050 adeo
579 2023 660 2051 non
687 2011 798 2052 favet
826 2011 889 2050 illi
918 2010 1188 2063 productioni,
1224 2010 1270 2048 ut
1299 2010 1457 2071 praeter
1492 2009 1654 2051 nomina
1683 2023 1802 2062 quae·

239 2078 329 2117 dam
355 2081 514 2131 propria
544 2075 796 2135 (Δῑαγόραε,
822 2078 1048 2131 Δῑόδοτοε,
1073 2077 1306 2131 Εἰλατίδαε,
1336 2075 1526 2129 Ἰαμίδαε,
1551 2078 1802 2134 Φῑλυρίδαε)

240 2147 310 2182 aut
339 2145 529 2185 vocabula
560 2147 672 2198 epica
706 2137 938 2196 ἀθάνατος,
970 2135 1195 2195 ἆπάλαμοε
1233 2139 1335 2199 (Hes
1365 2158 1445 2197 opp
1477 2140 1571 2201 20),
1610 2144 1803 2197 κῦάνεοε,

241 2204 474 2255 οὐλόμενοε
516 2211 583 2250 vix
624 2211 749 2251 ullam
792 2211 995 2251 admisisse
1034 2210 1225 2250 videatur.
1285 2210 1399 2250 Adde
1439 2210 1544 2261 quod
1583 2211 1634 2250 ad
1671 2210 1803 2252 thesin

240 2272 474 2323 dactylicam
522 2276 722 2327 pertinent
770 2277 811 2316 et
851 2276 948 2315 haec
990 2276 1170 2327 exempla
1213 2278 1254 2315 et
1295 2275 1401 2327 quod
1443 2288 1532 2315 cum
1574 2275 1803 2328 Tbeognide

239 2334 510 2387 (πειθόμενος
547 2340 714 2394 χαλεπῇ
753 2338 887 2391 Κύρνε
926 2337 1118 2393 διαβολίῃ
1157 2335 1263 2395 324)
1306 2353 1511 2381 commune
1555 2340 1675 2381 habet
1712 2341 1801 2382 δια·

242 2401 388 2452 βολιᾶν
411 2403 445 2443 Ρ
469 2404 511 2443 Π
538 2406 591 2445 76
618 2400 852 2458 (bini-avec·
881 2402 1034 2456 λειτόν,
1059 2404 1363 2456 διατεταμένον
1387 2406 1430 2458 gl
1450 2405 1609 2457 Hesych
1633 2406 1802 2447 conferri

240 2468 347 2507 iubet
383 2468 409 2506 J
412 2469 462 2508 ak
492 2465 810 2525 Wackernagel).
869 2470 919 2511 In
950 2470 1054 2511 thesi
1084 2471 1254 2511 iambica
1283 2471 1348 2511 vel
1377 2471 1577 2512 trochaica
1607 2484 1708 2523 quae
1738 2484 1801 2513 oc-

240 2541 402 2579 currunt
425 2540 502 2580 duo
527 2541 688 2581 nomina
715 2532 821 2591 ἃνήρ
853 2536 904 2596 (Ρ
936 2541 974 2580 V
1000 2543 1067 2591 20,
1097 2542 1137 2581 N
1167 2541 1226 2581 VI
1257 2537 1333 2598 29)
1364 2544 1405 2583 et
1433 2538 1562 2593 Ἀρηε
1592 2537 1644 2597 (Ρ
1670 2542 1709 2581 V
1732 2543 1802 2593 85,

241 2603 261 2642 Ι
294 2603 392 2642 VIII
423 2601 500 2659 37)
542 2605 634 2646 inde
671 2606 720 2646 ab
756 2606 929 2647 Homero
970 2607 1178 2659 ambiguae
1214 2608 1308 2647 sunt
1342 2619 1559 2648 mensurae.
1620 2607 1802 2659 Denique

241 2656 431 2717 Σιευφοε
457 2670 506 2709 ab
530 2671 703 2711 Homero
731 2674 897 2722 creatus,
928 2686 951 2711 a
979 2673 1118 2713 ceteris
1148 2672 1276 2725 poetis
1305 2674 1482 2713 retentus
1513 2674 1583 2713 est
1637 2672 1802 2725 Ignorat

242 2735 372 2773 autem
401 2734 596 2774 Pindarus
633 2737 835 2787 θῦγατερ-
837 2767 848 2789 ,
889 2727 1023 2787 ιερόε,
1055 2734 1236 2786 οὔνομα,
1266 2731 1391 2779 fiber·
1423 2738 1494 2777 aut
1506 2731 1643 2787 ὕδωρ,
1673 2749 1830 2788 neque-

241 2810 414 2849 unquam
445 2800 550 2851 apud
580 2813 670 2840 eum
700 2799 940 2842 Φῠλακίδαε
972 2801 1240 2842 choriambum
1270 2802 1412 2856 explet.

358 2862 418 2902 De
442 2860 559 2913 οὔρει
583 2864 605 2903 I
622 2863 681 2904 VI
707 2866 762 2905 32
794 2867 834 2906 et
863 2863 1004 2916 οὔρεει
1034 2866 1066 2906 Ρ
1091 2867 1150 2906 VI
1175 2868 1228 2908 21
1262 2881 1404 2920 parum
1432 2867 1572 2918 liquet,
1602 2866 1651 2907 de
1680 2867 1801 2909 verbo

241 2918 380 2978 Ficum
415 2923 469 2982 (P
498 2927 558 2968 IV
588 2924 696 2983 207)
730 2930 894 2972 Ahrens
923 2932 1037 2973 1838
1073 2926 1138 2988 (kl
1174 2932 1272 2975 Sehr
1306 2932 1330 2973 1
1360 2927 1437 2989 21)
1479 2934 1521 2974 et
1554 2931 1636 2973 Leo
1665 2932 1802 2987 Meyer
