2014 3360
857 224 1081 261 PAEANES
1669 226 1757 269 403

278 329 359 378 ⁸(64
383 331 478 380 [2⁷J)
502 330 601 367 Paua
625 330 658 366 X
679 335 736 376 16,
755 335 796 367 3:
834 332 902 368 τὸν
927 334 968 370 δὲ
993 334 1067 369 ὑπὸ
1093 334 1258 378 Δελφῶν
1290 333 1517 377 καλούμενον
1548 334 1756 378 ὀμφαλὸν

181 378 289 415 λίθου
318 380 569 424 πεποιημένον
598 381 751 424 λευκοῦ,
781 382 898 416 τοῦτο
931 381 1025 417 εἶναι
1054 380 1101 416 τὸ
1133 381 1174 416 ἐν
1206 381 1303 427 μέςῳ
1334 383 1403 426 γῆς
1432 381 1550 426 πάςης
1583 380 1692 417 αὐτοί
1714 392 1757 418 τε

180 426 348 470 λέγουςιν
373 426 409 463 ol
427 426 583 472 Δελφοί,
603 428 662 463 καὶ
687 427 727 464 ὲν
753 428 833 474 ᾠδῇ
858 439 930 464 τινι
947 427 1138 473 Πίνδαρος
1156 427 1417 473 ὁμολογοῦντά
1439 439 1556 474 ςφιςιν
1575 428 1757 474 ὲποίηςεν.

182 471 294 510 Sta-nb
318 472 370 509 IX
388 477 475 511 419:
514 475 574 511 καὶ
598 475 772 512 ὲκάλεςαν
803 478 873 520 τῆς
901 478 971 521 γῆς
1005 476 1196 522 ὀμφαλόν,
1220 476 1517 521 προςπλάςαντες
1541 477 1602 512 καὶ
1626 479 1757 522 μῦθον,

181 521 227 558 ὅν
251 533 341 568 φηςι
364 522 564 568 Πίνδαρος,
584 523 642 558 ὅτι
666 523 881 566 ςυμπέςοιεν
900 523 1063 560 ἐνταῦθα
1087 524 1124 559 οἱ
1149 523 1295 560 αἰετοὶ
1321 523 1356 559 οἱ
1374 524 1578 568 ἀφεθέντες
1595 524 1668 560 ὑπὸ
1686 527 1756 560 τοῦ

181 569 285 614 Διὸς,
311 570 333 605 ὁ
358 570 425 614 μὲν
450 570 524 606 ἀπὸ
547 572 616 613 τῆς
640 571 794 615 δύςεως,
821 571 842 606 ὁ
868 572 902 606 δ’
927 571 1001 607 ἀπὸ
1026 574 1094 615 τῆς
1119 571 1318 616 ἀνατολῆς·
1357 571 1393 607 οἱ
1418 572 1460 607 δὲ
1484 572 1645 616 κόρακάς
1669 583 1758 616 φαςι

245 618 403 653 κύκνους
421 615 511 653 Plut
529 615 596 652 def
616 627 726 653 oraec
753 621 771 653 1
792 629 817 664 p
837 618 932 663 409).
977 618 1033 654 De
1057 619 1180 654 terrae
1205 618 1386 654 umbilico
1411 620 1562 664 praefer
1579 617 1610 654 P
1627 617 1679 655 l'V
1699 621 1756 655 ‘'14.

250 666 284 700 ⁸.
304 662 391 700 vm
409 668 466 700 59.
487 664 537 700 XI
558 668 614 708 10,
639 664 674 700 N
694 664 762 700 VII
780 669 826 700 33
852 667 920 702 aut
951 666 998 702 de
1024 666 1162 711 aquilis
1194 665 1279 702 istis
1309 667 1461 712 praeter
1485 665 1515 702 P
1533 666 1584 702 IV
1602 670 1625 702 4
1663 666 1758 702 oeci-

171 710 281 747 misse
307 710 512 747 Pindarum
537 722 675 759 negare
701 723 809 748 nemo
843 712 1009 749 audebit.
1060 713 1273 749 Boeckhius
1308 714 1463 759 quidem
1499 726 1584 750 cum
1620 714 1759 760 parenni

181 758 357 806 delphico
387 759 459 795 hoc
488 759 742 807 fragmentum
767 760 944 804 inseruit,
970 761 1223 809 fragmentum
1255 762 1356 807 quod
1388 763 1446 797 esf.
1471 761 1519 798 de
1544 761 1758 808 Trophonio

180 807 221 842 et
231 806 437 891 ἰ,ἓῖςιιίὲιιιοιίο
466 809 520 855 (3)
551 808 601 843 ad
631 808 837 854 epinicium
867 808 1060 854 quoddam
1089 809 1279 855 pertinere
1311 820 1358 845 ne
1384 809 1568 856 suspicari
1604 809 1759 855 quidem

207 865 230 890 ο
290 865 314 890 a
334 885 341 891 .

180 865 206 900 P
301 902 386 949 Ι’(55
412 903 506 951 [28])
533 902 644 939 Sohol
668 903 792 940 Aeseh
817 903 914 940 Eum
938 908 978 941 2:
1016 904 1206 950 Πίνδαρός
1230 916 1319 950 φηςι
1352 906 1447 950 πρὸς
1472 905 1554 950 βίαν
1581 908 1758 951 κρατῆςαι

179 950 363 987 Πυθοῦς
385 954 454 987 τὸν
479 953 705 996 Ἀπόλλωνα,
733 953 790 988 διὸ
816 954 875 988 καὶ
900 956 1137 999 ταρταρῶςαι
1161 953 1284 997 ἐζήτει
1309 953 1427 989 αὐτὸν
1451 954 1475 997 ἡ
1503 953 1563 998 Γῆ.

300 997 401 1046 *(56)
425 998 555 1035 Himer
575 1009 635 1035 orr
653 999 704 1035 III
719 1004 756 1036 1:
785 1001 893 1045 Χαῖρε
918 1001 1029 1046 φίλον
1054 1001 1154 1046 φάος
1177 1000 1342 1046 χαρίεντι
1362 1001 1527 1045 μειδιόον
1551 1002 1757 1048 προςώπῳ·

180 1046 289 1090 μέλος
313 1047 385 1092 γάρ
409 1059 445 1084 τι
469 1049 593 1092 λαβὼν
618 1048 659 1084 ἐκ
683 1051 751 1093 τῆς
775 1049 888 1094 λύρας
913 1048 965 1085 είς
981 1051 1053 1093 τὴν
1078 1050 1145 1093 ςὴν
1163 1047 1360 1094 ἐπιδημίαν
1376 1050 1615 1095 προςᾲςομαι,
1635 1049 1758 1094 ἡδέως

180 1094 247 1138 μὲν
272 1095 319 1130 ἂν
343 1094 467 1131 πείςας
491 1097 551 1131 καὶ
575 1095 714 1132 αὐτοὺς
736 1097 827 1132 τοὺς
850 1096 986 1140 λόγους
1009 1097 1126 1142 λύραν
1151 1108 1213 1141 μοι
1237 1096 1406 1139 γενέςθαι
1431 1098 1491 1132 καὶ
1516 1096 1684 1142 nomem,-
1694 1097 1758 1133 ἵνα

179 1153 216 1177 τι
253 1143 348 1178 κατὰ
384 1146 448 1179 coo
478 1144 759 1189 νεανιεύςωμαι,
795 1144 924 1180 ὁποῖος
948 1143 1154 1194 (Σιμωνίδης
1182 1146 1206 1189 ἢ
1231 1143 1421 1189 Πίνδαρος
1435 1144 1438 1147 “
1452 1144 1548 1180 κατὰ
1572 1145 1757 1181 Διονύςου

180 1190 241 1226 καί
262 1190 503 1227 Ἀπόλλωνος.
540 1190 644 1239 Idem
662 1190 749 1226 xm
769 1194 806 1226 7:
832 1193 880 1227 τὰ
899 1193 941 1228 δὲ
966 1193 1009 1228 ςὰ
1033 1193 1102 1228 νῦν
1126 1191 1214 1228 δέον
1239 1193 1300 1228 καὶ
1324 1192 1430 1238 αὐτῷ
1454 1195 1511 1238 τῷ
1530 1192 1755 1239 Μουςηγέτῃ

180 1237 398 1284 είκάζεςθαι,
436 1238 519 1274 οῖον
550 1240 666 1275 αὐτὸν
697 1241 757 1275 καὶ
777 1239 932 1285 ,(απφὼ
966 1242 1026 1276 καὶ
1049 1239 1240 1285 Πίνδαρος
1270 1240 1311 1276 ἐν
1342 1240 1422 1285 ᾠδῇ
1449 1239 1545 1286 κόμη
1570 1250 1613 1276 τε
1637 1244 1751 1285 χρυςῇ

180 1283 298 1330 (volut
321 1284 418 1321 Pind
444 1284 474 1321 Ο
494 1285 546 1329 VI
564 1290 621 1322 41.
646 1286 664 1321 I
683 1285 751 1322 VH
769 1288 836 1369 452
851 1289 916 1323 ’καὶ
939 1289 1067 1333 λύραις
1091 1288 1336 1332 κοςμήςαντες
1360 1287 1510 1325 κύκνοις
1543 1287 1682 1331 ἔποχον
1707 1287 1759 1324 εἰς

181 1332 366 1370 ἙλικῶναΙ
391 1334 573 1378 πέμπουςι
598 1338 679 1377 κτλ;
718 1334 765 1370 de
837 1334 991 1380 pollinis
1027 1334 1164 1378 issinere
1194 1333 1282 1370 XIV
1302 1337 1365 1379 10,
1403 1333 1451 1371 de
1482 1333 1687 1379 Simonidis
1716 1334 1758 1370 in

180 1379 396 1426 Apollinem
421 1381 586 1417 carmine
605 1381 691 1417 XVI
710 1385 742 1418 7.
784 1382 872 1418 ‘Sed
892 1383 1044 1419 omnino
1065 1382 1196 1429 i'nepto
1214 1382 1304 1418 huic
1328 1381 1471 1418 rhetori
1491 1393 1572 1418 -non
1595 1381 1757 1419 multum

180 1427 437 1464 firibue'ndum’
465 1428 599 1477 Bergk.
1255 1440 1260 1442 ·
1530 1435 1533 1437 ’

897 1530 1039 1563 57-60

627 1609 759 1666 <ΕΙΣ
790 1610 890 1654 AIA
921 1610 1306 1668 ΔΩΔῼΝΑΙΟΝ)

853 1705 942 1750 *57
976 1705 1076 1765 (20)

252 1778 494 1821 Δωδωναῖε
526 1776 799 1830 μεγάςθενες,

192 1844 195 1847 ’
250 1847 530 1901 ἁριςτότεχνα
560 1847 695 1901 πάτερ

871 1912 894 1936 *
1037 1912 1059 1936 21·

251 1979 483 2033 δαμιοργὸς
514 1976 576 2038 (Ῥ)
608 1978 809 2034 εὐνομίας
840 1974 909 2023 καὶ
936 1937 1003 2038 (Ξ)
1035 1981 1153 2024 δίκας

299 2096 378 2142 *(57
398 2096 492 2144 [20])
517 2095 702 2145 DioJ’rus
720 2107 763 2133 or
779 2096 850 2133 XII
867 2097 966 2146 81s2:
990 2099 1150 2143 ποιητὴς
1173 2102 1371 2143 προςεῑπεν
1394 2101 1538 2146 ἕτερος·
1571 2103 1674 2138 Δωδ.
1697 2130 1730 2140 ..
1746 2131 1754 2139 .

178 2145 298 2190 πάτερ
335 2145 448 2181 οὗτος
470 2145 543 2190 γὰρ
568 2146 616 2189 δὴ
632 2147 791 2190 ’πρῶτος
814 2147 875 2182 καί
897 2146 1132 2182 τελειότατος
1156 2147 1383 2192 δημιουργός
1407 2150 1484 2186 κτλ.
1527 2148 1617 2194 Plut
1640 2160 1754 2196 praee

179 2191 262 2239 reip
287 2202 354 2240 ger
378 2202 399 2228 ο
419 2195 464 2228 13
488 2203 514 2238 p
534 2194 620 2228 807:
659 2193 681 2228 ό
706 2193 747 2229 δὲ
771 2193 958 2230 πολιτικὸς
991 2194 1314 2238 ἀριςτοτέχνας
1337 2205 1393 2231 τις
1416 2196 1472 2231 ὢν
1496 2198 1592 2232 κατὰ
1616 2198 1754 2234 Πίνδα-

180 2252 249 2286 ρον
273 2241 334 2287 (=
359 2251 410 2286 qu
435 2250 527 2276 conv
551 2239 569 2275 1
586 2243 620 2284 2,
641 2241 677 2286 5)
712 2242 772 2277 καὶ
797 2242 1075 2286 δημιουργὸς
1105 2241 1320 2285 εὐνομίας
1344 2244 1417 2278 καὶ
1449 2243 1593 2289 δίκης,
1619 2254 1640 2279 e
1665 2244 1753 2280 Pin-

182 2287 274 2324 daro
299 2287 401 2324 idem
425 2287 472 2323 de
498 2298 581 2323 sera.
604 2298 695 2323 num
718 2287 809 2324 vind
840 2299 861 2324 c
879 2292 902 2324 4
926 2299 952 2334 p
971 2291 1043 2335 550
1073 2287 1200 2325 affert:
1238 2289 1565 2334 ἀριςτοτέχναν
1599 2321 1605 2327 .
1629 2320 1634 2325 .
1658 2319 1665 2328 .
1702 2294 1754 2328 ὡς

180 2337 230 2381 δὴ
260 2336 389 2381 δίκης
425 2337 519 2373 ὄντα
549 2337 846 2382 δημιουργόν,
885 2336 1048 2382 denique
1085 2336 1158 2372 adv
1195 2333 1300 2372 Stoic
1333 2341 1419 2373 014
1443 2349 1470 2383 p
1492 2341 1602 2374 1065:
1653 2341 1675 2374 ὁ
1712 2342 1754 2376 δὲ

179 2388 357 2431 πατρῷος
392 2385 453 2420 καὶ
482 2384 624 2420 ὕπατος
654 2385 714 2420 καί
744 2384 925 2428 θεμίςτιος
954 2385 1051 2421 Ζεὺς
1087 2386 1147 2421 καί
1184 2385 1208 2420 ἀ
1215 2386 1449 2429 ριςτοτέχν
1457 2396 1507 2421 ας
1543 2387 1639 2422 κατὰ
1663 2387 1753 2423 Πίν-

180 2432 309 2478 δαρον,
335 2432 381 2468 οὐ
407 2433 530 2477 δρᾶμα
553 2431 675 2477 δήπου
700 2431 795 2476 μέγα
819 2433 880 2468 καὶ
915 2431 1083 2468 ποικίλον
1121 2434 1185 2468 καί·
1209 2434 1422 2476 πολυμαθὲς
1458 2434 1751 2478 δημιουργῶν

179 2479 249 2516 τὸν
284 2480 438 2525 κόςμον,
475 2480 568 2516 ἀλλὰ
603 2481 702 2516 θεῶν
742 2481 803 2516 καὶ
838 2480 1051 2525 ἀνθρώπων
1093 2481 1183 2516 ἄςτυ
1221 2480 1347 2516 κοινὸν
1383 2480 1752 2525 εὐνομηςόμενον

180 2527 525 2573 (ςυννομηςομένων
550 2525 661 2573 codd)
687 2528 796 2571 μετὰ
821 2527 951 2572 δίκης
971 2530 1031 2564 καὶ
1056 2527 1191 2572 ἀρετῆς
1214 2528 1528 2571 ὁμολογουμένως
1551 2529 1611 2563 καὶ
1637 2539 1752 2570 μακα-

179 2574 270 2619 ρίως
288 2577 382 2620 κτλ.;
408 2573 456 2611 de
473 2573 668 2612 Plutarchi
686 2574 852 2611 dicssione
876 2574 926 2610 ad
945 2574 988 2610 fr.
1010 2578 1065 2611 77.
1082 2578 1138 2610 78.
1169 2572 1274 2610 Olem
1292 2574 1387 2610 Alex
1405 2576 1460 2611 etr
1476 2573 1512 2610 V
1525 2577 1594 2610 710
1612 2573 1751 2620 (Euseb

179 2631 299 2668 praep
330 2632 375 2658 ev
398 2621 484 2658 xm
509 2622 628 2670 675b):
663 2620 785 2670 [NVI
805 2626 836 2658 1.
851 2624 889 2671 2]
919 2626 978 2659 καὶ
1009 2625 1075 2659 ἕνα
1105 2623 1172 2658 τὸν
1202 2624 1352 2659 τούτων
1376 2624 1674 2668 δημιουργόν,
1706 2624 1751 2658 ὃν

181 2671 506 2714 ἀριςτοτέχναν
529 2672 701 2716 πατέρα
725 2672 822 2715 λέγει
840 2674 916 2707 κτλ.
955 2669 1119 2706 Pindaro
1144 2670 1248 2707 δίκας
1272 2671 1469 2715 δαμιοεργὲ
1493 2671 1554 2705 καί
1579 2670 1752 2713 εὐνομίας

180 2716 366 2811 Μᾶθῗέἒ
387 2716 618 2848 [ξῗέὶέοὶιώ
642 2765 745 2813 soph
768 2766 820 2802 Tr
841 2770 925 2803 1⁷2:
970 2766 1165 2811 Εὐριπίδης
1202 2768 1243 2802 δὲ
1280 2770 1378 2810 τρεῖς
1414 2766 1608 2809 γεγονέναι
1639 2766 1752 2810 φηςίν

180 2812 297 2849 αὐτὰς
326 2813 447 2859 (sacer
473 2814 555 2850 otas
585 2813 809 2850 Dodonaeas
841 2814 936 2851 dicit
965 2814 1087 2859 sch013
1124 2813 1165 2850 of
1183 2813 1308 2861 frag-m
1333 2812 1435 2860 Soph
1458 2816 1529 2849 418
1548 2810 1619 2857 Νὴ
1654 2816 1752 2857 τρεῖς

179 2861 393 2905 περιστεράς
416 2861 579 2898 testam
603 2860 715 2897 strab
740 2861 807 2897 VII
830 2861 866 2897 fr
885 2863 937 2909 1)·
975 2862 1012 2898 oi
1048 2863 1090 2899 δὲ
1127 2863 1213 2907 δύο,
1244 2864 1305 2898 καὶ
1334 2864 1406 2906 τὴν
1437 2862 1503 2905 μὲν
1539 2861 1590 2897 είς
1614 2861 1751 2904 Λιβύην

181 2906 377 2951 ἀφικὲςθαι
399 2909 571 2954 Θήβηθεν
595 2907 686 2954 (Hor
709 2908 745 2945 11
769 2912 825 2945 54.
852 2912 909 2945 55.
935 2909 997 2956 57)
1021 2908 1073 2945 εἰς
1095 2910 1142 2945 τὸ
1165 2912 1234 2945 τοῦ
1261 2909 1493 2953 Ἄμμωνος
1515 2908 1752 2953 χρηςτήριον,

180 2954 252 2998 τὴν
277 2951 349 3002 (δὲ
373 2954 431 2993 είς,
446 2956 497 2992 τὸ
518 2954 699 3003 Brunck)
728 2958 812 3000 περὶ
836 2959 908 3001 τὴν
932 2956 1183 3001 Δωδώνη-ν,
1215 2957 1267 2992 ὡς
1297 2958 1356 2992 καὶ
1381 2955 1572 3001 Πίνδαρος
1593 2957 1751 2992 παιᾶςιν.

1394 3013 1466 3050 26*
