2014 3360
869 205 1091 243 OLYMPIA
1681 204 1738 248 51
1749 204 1769 247 l

302 330 327 366 p
341 316 393 355 94
420 318 469 354 ad
490 316 568 353 011
588 320 632 352 57
648 318 744 363 (63):
764 314 927 351 Infinitis
947 325 1038 351 sune
1060 313 1107 351 de
1132 314 1156 350 h
1177 314 1191 349 l
1216 313 1558 359 disceptationibus
1584 313 1697 350 finem
1716 313 1774 350 fa-

180 377 266 405 cere
289 367 452 403 fortasse
471 364 614 408 licebit,
641 365 674 400 si
699 364 788 401 ferri
812 363 968 400 minime
994 373 1105 409 posse
1131 363 1392 407 statuerimus,
1417 361 1521 407 quod
1545 362 1774 408 interpretes

179 415 335 463 quidam
359 425 433 451 non
455 413 722 450 contemnendi
742 411 948 448 subaudire
972 411 1189 447 etiamnunc
1207 410 1397 453 videntur,
1417 409 1630 446 coniunctis
1650 409 1773 445 verbis

179 465 314 502 ἐνθάδε
328 484 372 491 -
388 463 601 506 ἀπάλαμνοι
621 479 666 492 =
687 462 728 497 ἑν
753 465 808 507 τῷ
836 461 903 506 βίῳ
930 460 1096 506 ὑβριςταί
1120 459 1234 505 idque
1255 459 1381 494 medio
1404 457 1595 495 inculcato
1614 458 1687 493 adv
1707 459 1774 494 αὐ·

177 513 275 557 τίκα,
301 511 411 558 quasi
438 510 514 546 dici
539 510 680 556 possitz
710 519 852 555 poenas
881 509 1016 545 solz-ere
1041 509 1191 544 animas
1216 512 1445 544 mortuorum
1466 527 1508 533 -—
1530 511 1636 543 ante
1659 517 1772 543 mor·

179 565 268 598 tem
292 560 470 597 continuo
488 562 575 604 post
599 563 749 595 mortem
768 557 1072 604 peccatrices!
1096 556 1152 592 Ac
1183 556 1348 601 primum
1380 554 1533 600 quidem
1561 556 1774 599 ἀπάλαμνοι

179 607 349 645 dubitari
387 608 522 652 nequit
554 606 646 654 quin
678 605 860 652 proludat
890 604 1136 650 sequentibus
1162 605 1294 649 ἄλιτρα
1321 606 1366 639 59
1389 604 1462 650 (65)
1495 604 1605 640 ἄδικα
1632 606 1676 638 69
1699 604 1774 649 (76)

178 667 255 704 opp
280 656 379 694 ὲςλοί
403 659 448 691 63
469 656 556 702 (69).
597 654 670 690 Sed
701 655 746 690 ut
775 653 854 689 iam
880 663 901 689 e
927 652 1132 688 Simonidis
1165 653 1261 695 ἄγαν
1293 653 1512 696 ἀπάλαμνος
1538 651 1678 695 elucet,
1705 651 1774 687 ali-

178 707 322 752 quanto
347 704 471 740 lenius
498 703 641 739 dictum
662 713 777 748 quam
797 702 971 747 ὑβριςτής
990 700 1084 747 (Wil
1104 700 1233 746 Sapph
1255 699 1334 736 Sim
1356 699 1469 746 175⁸).
1495 700 1553 746 Ap
1572 699 1670 735 Hom
1690 699 1774 745 qui-

178 754 265 790 dem
297 753 338 790 E
355 756 424 789 597
456 751 570 798 plane
601 751 704 787 idem
737 752 793 786 est
822 751 937 795 atque
970 750 1163 795 ἀμήχανος
1193 748 1348 784 notione
1374 748 1518 791 activa,
1543 748 1645 793 quod
1670 747 1774 783 idem

178 801 296 838 vocab
314 800 466 848 passiva
492 810 642 846 quoque
666 798 822 834 notione
847 808 1042 834 occurrere
1073 808 1122 843 ap
1148 797 1247 832 Hom
1273 798 1440 841 constat,
1465 798 1561 841 πρὸς
1586 797 1631 832 ὃν
1657 807 1773 842 μηχα-

179 852 251 896 νὴν
277 851 348 887 οὐκ
373 851 470 886 ἔςτιν
497 849 632 894 εὑρεῖν.
658 847 739 883 Ηοο
759 846 842 882 loco
862 847 950 882 utra
968 845 1074 882 notio
1094 844 1312 891 praevaleat
1332 866 1375 871 -
1397 845 1603 880 sceleratae
1623 844 1774 880 animae

177 897 283 934 nullo
313 897 427 934 modo
458 895 698 939 tractabiles,
731 897 934 940 δυςχερεῖς,
968 905 1017 930 an
1048 894 1156 930 varia
1185 893 1226 928 in
1258 892 1352 928 vitia
1382 891 1520 928 labiles
1553 892 1773 939 ‘pravisque

179 946 341 983 artibus’
375 956 479 989 usae,
512 944 690 980 crassius:
725 944 981 988 κακομήχανοι
1007 962 1072 986 ·—,
1104 942 1159 977 sic
1191 941 1257 987 qui
1290 941 1537 986 quaesiverit,
1567 942 1671 977 recte
1696 941 1774 976 iam

178 996 261 1042 ipse
287 994 360 1031 sibi
380 993 630 1039 responderit.
661 991 797 1028 Procul
816 991 970 1027 omnino
989 989 1166 1026 habenda
1184 991 1418 1026 mortuorum
1438 991 1608 1034 ἀμένηνα
1627 990 1774 1034 κάρηνα

177 1044 238 1080 vel
263 1045 378 1080 δειλαὶ
403 1042 539 1087 ψυχαί,
566 1043 609 1078 ὃν
634 1042 783 1084 πότμον
806 1043 1007 1084 γοαοῡςαι,
1035 1049 1130 1085 quas
1156 1039 1368 1083 δειλοτέρας
1400 1037 1517 1074 etiam
1549 1036 1775 1084 cogitaverit

178 1091 368 1176 {³:¹33ssss
385 1089 1038 1182 022212222tsssszssssssuiafflssaesszzss
1053 1086 1249 1181 3¹:233&
1257 1085 1776 1179 ‘qssss'ssessss‘fssssztaffifflz

177 1189 324 1234 χθόνιαι
349 1187 392 1234 (Ρ
410 1186 444 1222 V
466 1188 561 1232 101),
587 1187 779 1230 ἀςώματοι
809 1184 899 1220 illae
925 1184 1098 1229 quidem,
1128 1193 1204 1219 non
1235 1182 1350 1229 plane
1382 1184 1550 1228 ἀνόητοι.
1587 1181 1774 1227 Denique,

177 1237 219 1272 id
239 1235 342 1283 quod
360 1234 516 1271 maximi
535 1234 685 1270 videtur
702 1232 886 1269 momenti
905 1243 999 1276 esse,
1019 1233 1154 1269 ἐνθάδε
1173 1231 1289 1267 verbo
1309 1232 1518 1277 θανόντων,
1538 1230 1658 1266 otiose
1671 1229 1774 1276 quod

178 1284 378 1322 videbatur
403 1283 594 1324 additum,
620 1281 761 1318 rectius
786 1280 1035 1324 intellexerit,
1069 1280 1099 1315 si
1128 1291 1278 1315 omnem
1309 1279 1399 1315 inde
1425 1290 1449 1314 a
1475 1278 1598 1315 verbis
1624 1280 1683 1315 ὅτι
1708 1281 1773 1315 θα-

177 1334 327 1370 νόντων
354 1333 421 1377 μέν
446 1330 704 1367 narrationem
723 1330 893 1365 terrestri
912 1328 1015 1364 vitae
1035 1327 1175 1374 opponi
1200 1327 1526 1373 animadverteris,
1550 1327 1774 1373 praesertim

178 1379 494 1418 antecedentibus
519 1379 644 1415 verbis
668 1380 715 1415 τὸ
742 1379 888 1424 μέλλον,
914 1387 1012 1423 quae
1037 1388 1112 1412 non
1138 1377 1188 1412 ad
1212 1376 1314 1412 vitae
1332 1376 1523 1412 humanae
1542 1378 1692 1421 tempus
1713 1374 1773 1410 fu-

177 1432 306 1465 turum
336 1427 535 1464 referenda
567 1438 649 1463 esse
681 1426 862 1463 continuo
893 1428 938 1461 ut
967 1424 1236 1472 intellegerent
1267 1424 1484 1468 audientes,
1519 1424 1669 1460 adiecto
1705 1422 1773 1459 illo

181 1479 316 1515 ἐνθάδε
340 1477 473 1523 (‘hac'
502 1476 687 1522 quidem
711 1474 810 1511 vita
834 1473 955 1518 finita)
986 1473 1169 1509 illustrari
1198 1472 1309 1518 quasi
1339 1476 1456 1519 poeta
1479 1472 1653 1508 voluerit.
1700 1470 1772 1506 ‘Si-

177 1525 304 1562 mulac
315 1525 453 1561 mortui
466 1526 555 1560 sunt
567 1524 647 1567 hic,
668 1535 684 1558 s
706 1522 895 1559 decedunt
906 1521 1010 1557 hinc'
1026 1521 1172 1564 Dissen,
1193 1521 1295 1567 quod
1307 1532 1383 1556 non
1395 1520 1627 1566 improbavit
1640 1519 1772 1556 Rohde

177 1574 324 1620 Psyche
354 1573 390 1609 11
408 1572 522 1619 2095.
569 1571 750 1608 Similiter
779 1581 880 1607 nune
911 1570 1028 1606 etiam
1063 1569 1142 1604 Wil
1161 1569 1259 1605 Pind
1279 1569 1386 1605 249*:
1421 1570 1492 1606 das
1524 1569 1675 1606 Sterben
1704 1569 1774 1615 qilt

176 1634 254 1660 nur
282 1623 350 1667 seir
379 1622 475 1664 hier,
507 1621 649 1658 draben
673 1620 761 1657 sind
791 1621 860 1655 wir
884 1619 986 1655 nicht
1010 1619 1110 1655 mehr
1133 1622 1195 1655 tot.
1235 1617 1408 1663 Denique
1432 1629 1508 1654 non
1539 1616 1676 1653 inutile
1702 1615 1774 1652 erit

181 1670 500 1713 animadvertere,
533 1669 696 1706 aoristus
731 1679 846 1714 gnom
873 1668 1016 1704 ἔτειςαν
1049 1669 1094 1702 56
1116 1667 1191 1712 (62)
1217 1677 1302 1702 cum
1328 1665 1541 1712 excipiatur
1572 1665 1683 1710 quasi
1707 1675 1774 1700 aor

180 1721 326 1756 ἔτειλαν
353 1722 398 1754 70
418 1719 510 1764 (77),
543 1716 697 1753 interim
723 1726 822 1761 quae
846 1726 956 1762 praes
981 1716 1087 1760 temp
1113 1716 1348 1758 enarrantur,
1375 1715 1579 1751 δικάζει-
1599 1715 1773 1750 δέκονται

177 1789 224 1794 -
243 1768 433 1811 νέμονται,
459 1768 657 1811 tamquam
684 1764 724 1800 in
748 1762 970 1810 parenthesi
1001 1762 1093 1798 addi
1123 1762 1244 1799 videri
1271 1761 1420 1809 (BphW
1441 1766 1546 1807 1904,
1567 1765 1637 1798 926
1657 1761 1772 1807 med).

178 1814 251 1852 Del
275 1814 396 1861 igitur
421 1825 568 1850 crucem
595 1812 686 1849 olim
713 1812 797 1848 voci
823 1813 958 1849 ἐνθάδε
983 1810 1189 1857 appictum.
1229 1810 1419 1856 Sequitur,
1444 1812 1488 1846 ut
1514 1821 1576 1846 sec
1594 1809 1669 1846 lect
1686 1809 1773 1844 trad

179 1866 224 1899 63
244 1865 319 1909 (57)
345 1862 557 1898 coniunctis
582 1860 762 1897 membris
788 1871 834 1907 ep
862 1859 933 1896 3⁸1¹»
967 1859 1231 1895 ‘mesodieum’
1266 1859 1471 1894 dimetrum
1500 1858 1570 1905 (3³³)
1595 1858 1773 1904 bigarum

180 1912 284 1958 parti
316 1910 433 1957 priori
466 1910 646 1946 continuo
678 1909 795 1946 semel
826 1909 936 1954 (κατὰ
968 1908 1188 1954 ςυνάφειαν)
1219 1907 1406 1943 adnexum
1439 1917 1522 1943 esse
1547 1908 1774 1951 statuamus,

178 1959 292 1996 sicuti
315 1958 346 1994 Ο
369 1958 433 1994 XII
453 1959 556 2002 θῆκ’,
582 1957 611 1992 P
630 1958 665 1994 II
690 1968 738 2003 ep
758 1956 840 1992 ὂψ.
867 1956 953 1992 VIII
979 1967 1026 2002 ep
1048 1955 1152 1992 6⁸¹b0.
1179 1955 1230 1991 XI
1250 1955 1322 1991 ὂψ

300 2006 391 2054 p95
418 2007 468 2043 ad
494 2006 738 2051 0115⁹(65):
772 2006 840 2051 τὶς]
867 2006 965 2041 Ζεὺς
990 2005 1140 2049 χθόνιος
1171 2015 1217 2039 an
1246 2005 1359 2048 μέγας
1390 2004 1521 2048 Ἅιδης
1545 2002 1608 2046 (de
1634 2002 1772 2048 quibus

178 2056 280 2092 infra
306 2055 355 2091 ad
382 2059 425 2091 61
447 2055 538 2102 [67].
563 2065 612 2090 an
639 2054 828 2099 Ἀλάςτωρ
855 2052 991 2098 (Aesch
1013 2051 1131 2098 Suppl
1152 2053 1236 2097 451)
1263 2063 1311 2087 au
1331 2052 1430 2088 Δίκα
1455 2054 1531 2098 (sec
1550 2050 1699 2096 Hesych
1720 2061 1737 2085 s
1751 2061 1774 2086 v

179 2105 368 2149 ςκυτάλαι)
400 2113 450 2138 an
482 2102 645 2148 deniq&
671 2102 893 2147 Φερςεφόνα
924 2100 972 2147 (fr
993 2102 1104 2146 133)·?
1142 2111 1217 2145 quo
1249 2099 1445 2136 obscurius
1481 2110 1524 2135 eo
1550 2097 1773 2144 formiduloss

179 2152 275 2196 sius;
301 2151 414 2187 aliter
439 2162 459 2186 c
484 2150 561 2186 Ern
579 2149 692 2186 Maass
718 2150 774 2185 Ed
795 2149 949 2185 Norden
967 2147 1070 2195 Verg
1088 2148 1171 2184 Aen
1193 2147 1242 2184 VI
1259 2161 1285 2195 p
1299 2151 1344 2183 36
1355 2159 1392 2184 ss

298 2212 324 2246 p
338 2199 390 2235 95
411 2199 461 2235 ad
476 2198 505 2235 Ο
519 2198 552 2234 II
572 2200 631 2245 (61
643 2200 738 2245 (67);
758 2198 850 2234 ἴςαις
863 2218 909 2225 -
921 2197 1016 2234 ἴςαις
1035 2197 1139 2233 dicta
1156 2195 1287 2243 putari
1305 2207 1380 2232 non
1401 2195 1625 2232 desinuntur
1644 2195 1711 2231 aut
1725 2194 1773 2231 de

179 2247 420 2294 aequinoctio
439 2268 485 2274 —
504 2246 652 2283 vernali
671 2245 863 2290 nimirum,
883 2244 1017 2291 quidni
1037 2245 1152 2281 etiam
1172 2244 1412 2281 autumnali?
1432 2266 1477 2271 —
1499 2245 1567 2279 aut
1585 2243 1633 2279 de
1652 2243 1774 2279 nocti·

179 2297 250 2332 bus
276 2295 485 2341 diebusque
511 2295 625 2331 sicuti
650 2294 754 2341 apud
779 2304 860 2338 nos,
885 2294 966 2330 vice
985 2293 1139 2338 quidem
1165 2304 1284 2337 versa,
1303 2293 1403 2329 inter
1423 2303 1461 2328 se
1481 2290 1773 2336 alternantibus,

179 2354 412 2390 quamquam
450 2343 544 2379 duos
575 2342 672 2379 soles
703 2342 917 2378 luculenter
946 2343 1110 2377 testatur
1135 2341 1170 2377 fr
1190 2345 1276 2384 133,
1309 2342 1348 2377 et
1379 2340 1493 2376 verba
1528 2340 1617 2376 αἰεὶ
1642 2341 1773 2376 ἅλιον

181 2393 371 2437 ἔχοντες
396 2395 440 2427 61
457 2393 530 2438 (67)
558 2391 784 2428 documento
811 2391 899 2426 sunt
923 2391 994 2426 τὰν
1025 2390 1160 2426 ἐνθάδε
1190 2391 1310 2426 νύκτα
1333 2388 1369 2423 fr
1389 2392 1458 2424 129
1491 2386 1524 2422 cl
1546 2391 1662 2431 133,2
1694 2387 1772 2422 iam

180 2441 258 2476 fere
291 2450 372 2476 esse
404 2439 507 2485 quod
539 2441 601 2475 καί
630 2440 702 2475 τάν
732 2440 816 2481 κτλ;
848 2438 888 2473 cf
910 2437 1026 2473 etiam
1052 2437 1105 2472 Ar
1123 2448 1192 2473 ran
1216 2441 1294 2473 155.
1316 2440 1444 2480 454ss,
1467 2435 1537 2471 ubi
1561 2437 1772 2480 mystarum

184 2488 261 2524 vita
286 2487 508 2534 depingitur
533 2486 722 2523 coloribus
748 2485 970 2522 Pindaricis.
1008 2484 1141 2530 Neque
1174 2484 1286 2520 aliter
1310 2486 1406 2521 Ζεὺς
1431 2486 1543 2521 ἄλλος
1569 2485 1635 2529 (ὡς
1661 2483 1773 2526 λόγος

180 2536 305 2574 Aesch
325 2535 445 2582 Suppl
465 2539 553 2579 2303
580 2534 621 2570 cf
639 2534 756 2570 etiam
783 2537 865 2578 156,
891 2534 1137 2578 καταχθόνιος
1162 2533 1190 2568 I
1203 2534 1289 2579 457)
1315 2532 1480 2569 creditur
1512 2533 1587 2568 ἐκεῖ
1612 2533 1772 2568 δικάζειν

180 2587 222 2623 ἑν
248 2587 427 2629 καμοῦςιν
452 2584 613 2620 ὑςτάτας
638 2583 754 2627 δίκας,
780 2581 841 2618 cui
868 2583 982 2626 μέγας
1006 2582 1136 2626 Ἅιδης
1156 2581 1404 2617 substituitur
1421 2580 1518 2616 Eum
1538 2583 1618 2615 274.
1645 2579 1773 2615 Aliam

180 2632 536 2680 interpretationem
561 2630 656 2667 satis
676 2630 875 2666 obscuram
894 2639 1105 2675 proponere
1124 2628 1205 2664 Wil
1224 2629 1373 2665 videtur
1391 2628 1490 2664 Pind
1510 2632 1596 2663 249:
1619 2627 1772 2663 reiectis

181 2692 274 2717 sano
312 2679 453 2716 iudicio
489 2678 741 2724 aequinoctiis
773 2677 988 2713 vernalibus
1024 2679 1091 2713 aut
1125 2676 1429 2721 autumnalibus,
1467 2677 1534 2712 sed
1570 2676 1773 2722 repudiato

180 2729 560 2814 22:22¹0u22222012'232‘?
575 2725 846 2818 §Ziza-52:35
862 2727 1091 2819 ἒέἒὲῗὲἓιῑι
1109 2736 1280 2820 ξ’ἕιξέἲέξ
1304 2724 1773 2817 ἕέθὲἓῖἰῖιὲἓῖἒῖἔῖῗὲἓῗὲ

181 2826 224 2862 δὲ
242 2826 431 2861 νύκτεςςιν
451 2823 544 2860 αἰεί
562 2843 607 2850 -
629 2824 759 2860 ἅλιον
778 2824 939 2868 ἔχοντες.
972 2821 1145 2867 Denique
1165 2821 1257 2867 quid
1277 2821 1432 2858 tandem
1458 2832 1552 2866 opus
1578 2821 1637 2856 est
1661 2821 1772 2855 nocte

182 2874 250 2909 aut
274 2883 403 2908 somno
431 2871 567 2906 animis
593 2870 672 2907 illis
697 2870 803 2907 nullo
828 2870 957 2906 labore
983 2869 1093 2906 fessis
1117 2881 1242 2915 neque
1266 2869 1348 2905 ulla
1374 2880 1464 2906 cura
1484 2867 1724 2905 sollicitatis?

302 2932 327 2966 p
342 2920 394 2956 96
420 2919 470 2955 ad
490 2918 568 2955 OII
588 2922 633 2954 76
647 2920 768 2965 (84)s:
800 2922 870 2962 γᾶς
901 2917 1004 2963 quod
1029 2919 1088 2954 est
1112 2917 1152 2954 in
1178 2917 1259 2954 libb
1286 2929 1347 2954 om
1372 2918 1412 2954 in
1439 2916 1558 2952 scholl
1577 2915 1656 2952 Vat
1679 2915 1772 2951 lem-

182 2970 298 3005 mate.
334 2966 576 3003 Aristarchus
602 2968 641 3003 et
667 2966 851 3012 Didymus
871 2965 965 3011 quid
990 2965 1154 3012 legerint
1177 2966 1378 3010 incertum3
1403 2976 1491 3001 nam
1516 2965 1570 3001 Ar
1596 2963 1697 2999 unde
1723 2962 1773 2998 ad
