2014 3360
279 216 339 261 52
955 216 1201 253 PINDARVS

278 308 501 370 Pausaniae
536 326 653 369 illa
663 329 790 369 altera
824 325 1038 381 pythiade'
1069 323 1126 384 (X
1152 324 1199 384 7)
1235 327 1491 368 iudicandum
1527 328 1598 371 sit.
1653 326 1782 385 Quam
1811 330 1854 370 et

277 394 410 446 Bergk
440 397 482 435 et
505 395 575 446 qui
605 407 695 434 eum
725 394 988 446 impugnabat
1010 393 1119 445 Leop
1146 393 1326 434 Schmidt
1350 388 1396 448 (v
1418 393 1526 434 infra
1548 392 1635 434 ad
1622 405 1730 434 mscr
1752 382 1786 434 P
1809 389 1851 450 Ι)

277 460 340 499 ad
360 461 575 512 ancipitem
605 460 721 510 quasi
749 459 984 499 numerandi
1013 460 1210 500 rationem
1237 459 1446 500 referebat.
1496 458 1572 500 Sed
1595 471 1687 499 cum
1709 460 1754 502 in
1772 459 1853 500 tali

275 538 318 565 re
353 526 478 565 ullam
508 526 726 565 obtinuisse
758 525 1062 577 ambiguitatem
1090 538 1234 576 parum
1262 524 1467 576 probabile
1504 524 1575 575 sit,
1610 523 1852 571 Pausaniam

276 591 510 631 crediderim
545 590 646 630 illud
690 589 872 644 δευτέρᾳ
915 587 1088 631 πυθιάδι
1130 603 1180 630 ex
1223 592 1382 630 auctore
1423 590 1557 641 aliquo
1597 603 1684 630 rem
1723 591 1853 633 fusius
1880 603 1882 605 ·

274 656 411 707 paullo
442 659 661 707 exponente
698 650 745 710 (v
775 668 797 695 c
826 652 901 696 ὅτε
939 652 1071 696 πάλιν
1101 653 1225 706 ἐτέθη
1257 652 1284 696 ὁ
1314 653 1502 696 Πυθικὸς
1532 651 1670 706 ἀγών,
1708 655 1745 695 01
1768 655 1851 696 ΜΡ

275 735 323 773 ep
350 716 426 777 38)
456 722 671 762 infeliciter
701 722 955 773 expressisse,
991 723 1079 761 tum
1116 723 1158 761 et
1187 734 1289 772 quae
1323 720 1372 760 de
1403 720 1617 772 superioris
1645 720 1852 772 pythiadis

274 790 452 838 tempore
476 781 537 841 (ol
563 787 618 827 48
643 786 699 838 ἣν
725 784 928 827 Γλαυκία(
958 784 1148 838 [Γλύκων
1170 784 1265 838 Ast]
1293 783 1318 826 ὁ
1346 782 1639 836 Κροτωνιάτης
1664 783 1848 841 ἐνίκηεε)

274 855 316 893 et
359 866 459 903 quae
502 852 550 892 de
592 852 695 903 pyth
732 853 788 892 23
831 852 957 892 tradit
993 852 1198 892 Demareti
1234 852 1403 892 victoria
1441 850 1651 903 Olympica
1696 845 1848 906 (priore

273 917 460 958 videlicet
490 918 528 957 cl
557 917 617 956 VI
649 919 718 967 10,
743 912 792 973 4)
823 919 997 969 quinque
1027 916 1322 969 olympiadibus
1349 917 1571 969 posteriore
1601 910 1849 972 (Polemonis

274 984 416 1034 opinor
458 983 607 1023 Eliacis
649 978 858 1038 inspectis)
903 996 974 1023 suo
1015 983 1147 1023 Marte
1191 982 1399 1023 addidisse.
1459 982 1602 1033 Itaque
1645 994 1735 1022 cum
1775 995 1850 1034 pro

274 1045 504 1089 ‘certamine
523 1048 652 1089 denuo
676 1044 915 1088 instaurato’
934 1049 1197 1088 intellexisset
1214 1045 1492 1088 ‘certaminum
1515 1048 1850 1100 pentetericorum

274 1111 472 1165 alterum',
501 1114 722 1154 necessario
752 1114 904 1153 factum
934 1116 1006 1164 est,
1036 1115 1083 1153 ut
1111 1114 1262 1165 primos
1289 1114 1382 1154 illos
1405 1113 1520 1154 ludos
1544 1114 1751 1166 fflmnicos
1779 1110 1849 1159 'adr

275 1180 466 1220 scriberet
502 1180 542 1219 ol
573 1180 644 1230 48,
664 1179 690 1218 3
726 1178 1042 1230 pythiadumque
1080 1179 1243 1219 chorum
1280 1180 1394 1230 quasi
1430 1178 1571 1219 ducere
1606 1179 1762 1220 iuberet
1788 1179 1849 1220 in-

275 1246 379 1285 scius
411 1247 530 1296 atque
558 1245 710 1285 invitus
740 1244 859 1284 fidem
890 1245 1086 1296 abrogans
1115 1245 1345 1285 testimonio
1374 1244 1451 1284 fide
1476 1244 1709 1297 dignissimo
1739 1244 1850 1286 schol

271 1311 377 1350 inscr
410 1310 443 1350 P
475 1310 538 1349 ΙΠ
569 1304 615 1365 (v
644 1305 789 1365 infra),
826 1311 897 1361 qui
933 1309 1165 1362 diligentius
1202 1323 1323 1361 quam
1358 1310 1579 1362 elegantius
1615 1324 1700 1351 rem
1730 1323 1850 1362 expo·

271 1389 369 1416 nens
397 1376 445 1415 ab
471 1389 574 1415 anno
604 1376 688 1415 582
713 1369 862 1430 (0149,
879 1370 927 1431 3)
953 1375 1165 1427 pythiades
1189 1376 1392 1416 numerari
1421 1377 1581 1427 coeptas
1607 1388 1692 1421 esse
1723 1375 1849 1417 docet.

390 1440 468 1488 Qui
516 1440 756 1492 pythiadum
799 1443 1008 1493 computus
1055 1440 1252 1493 quomodo
1295 1441 1514 1481 carminum
1548 1440 1850 1482 Pindaricomm

271 1507 494 1547 rationibus
519 1506 773 1547 confirmetur
797 1519 991 1558 exponere
1015 1519 1097 1547 non
1122 1509 1183 1547 est
1205 1506 1324 1546 huius
1348 1506 1444 1557 loci3
1472 1506 1542 1547 sed
1565 1518 1593 1546 v
1618 1519 1719 1558 quae
1743 1508 1851 1547 infra

272 1572 322 1611 ad
360 1584 509 1611 carmm
543 1573 670 1612 inscrr
707 1571 996 1612 adnotavimus.
1056 1571 1118 1614 De
1149 1584 1257 1612 carm
1286 1570 1321 1611 P
1349 1570 1431 1611 VH
1459 1571 1728 1613 Wilamowitz
1756 1572 1848 1614 Ari·

273 1632 356 1677 stet
385 1651 413 1677 u
442 1637 527 1677 Ath
556 1637 599 1676 H
629 1638 728 1678 323.

389 1699 654 1754 “Agebantur
675 1702 824 1755 Pythia
855 1704 976 1744 tertio
1007 1716 1164 1755 quoque
1189 1702 1429 1755 olympiadis
1455 1715 1560 1744 anno
1586 1704 1738 1744 aestate
1760 1716 1847 1745 ver-

272 1771 409 1821 gente,
444 1781 578 1808 mense
614 1768 861 1820 Delphorum
895 1769 1084 1820 Bucatio,
1120 1782 1238 1823 quem
1273 1769 1386 1809 tituli
1418 1781 1567 1813 recens,
1589 1770 1740 1821 reperti
1778 1769 1847 1810 do·

273 1836 439 1873 cuerunt
468 1833 683 1874 secundum
711 1847 887 1875 mensem
918 1836 1013 1875 anni
1042 1834 1227 1887 Delphici
1256 1834 1391 1886 fuisse,
1420 1836 1468 1875 ut
1497 1847 1588 1876 cum
1616 1835 1845 1878 Atticorum

272 1899 559 1952 Metagitnione
590 1900 645 1939 sit
674 1895 995 1951 componendus?
995 1895 1062 1956 ²²⁸)

388 1964 706 2005 Isthmiadum
740 1966 903 2006 initium
936 1966 976 2006 01
1006 1967 1078 2017 49,
1096 1967 1124 2007 4
1156 1965 1394 2007 adscribitur
1424 1966 1474 2006 ab
1503 1966 1768 2018 Hieronymo,
1805 1966 1847 2008 ol

274 2030 344 2080 50,
364 2031 387 2069 1
408 2030 464 2070 ab
490 2029 662 2071 Eusebio
686 2043 751 2071 sec
773 2044 863 2072 vers
888 2032 1106 2072 armeniam
1130 2013 1176 2086 (p
1203 2032 1378 2072 94--95
1400 2027 1509 2088 Sch).
1549 2031 1700 2073 Verum
1724 2032 1847 2074 altius

272 2095 530 2146 repetendam
563 2108 648 2136 esse
678 2096 937 2137 Isthmiorum
971 2097 1167 2150 originem
1199 2096 1362 2138 Solinus
1394 2098 1509 2138 testis
1539 2099 1601 2138 est
1629 2096 1745 2138 ludos
1774 2110 1847 2148 per

275 2159 488 2211 Cypselum
528 2163 745 2212 tyrannum
786 2162 1050 2212 intermissos,
1092 2175 1117 2202 a
1154 2161 1371 2204 Corinthiis
1412 2162 1454 2203 ol
1485 2163 1540 2203 49
1585 2162 1847 2203 sollemnitati

270 2226 466 2276 pristinae
501 2225 676 2266 redditos
713 2226 847 2267 dicens
883 2221 983 2281 (VII
1010 2229 1065 2267 14
1095 2240 1123 2278 p
1150 2228 1325 2268 57—-58
1345 2221 1443 2283 M');
1481 2227 1524 2267 id
1563 2227 1669 2278 quod
1705 2227 1845 2268 confir·

270 2292 405 2330 matur
436 2289 593 2330 Solonis
623 2291 710 2343 lege
742 2286 857 2345 (Plut
876 2291 945 2332 Sol
965 2287 1055 2348 23),
1085 2305 1165 2343 qua
1193 2292 1462 2333 Isthmionicis
1492 2294 1534 2333 et
1557 2291 1845 2344 Olympionicis

269 2356 449 2406 praemia
493 2355 775 2406 decernuntur,
810 2358 858 2396 ut
891 2356 1050 2408 Pythiis
1087 2358 1315 2408 antiquiora
1350 2369 1434 2398 esse
1471 2359 1673 2410 appareat.
1737 2357 1846 2398 Illud

272 2420 435 2471 quidem
463 2421 550 2460 veri
579 2421 721 2472 simile,
750 2421 986 2462 numerandi
1008 2422 1246 2463 Isthmiades
1269 2423 1432 2463 initium
1453 2422 1594 2464 fecisse
1619 2422 1844 2464 Corinthios

270 2486 310 2526 ol
341 2487 412 2536 49,
431 2487 472 2536 4,
501 2487 518 2525 i
547 2499 569 2526 0
601 2499 625 2526 a
653 2487 785 2538 prima
813 2489 908 2539 post
935 2487 1162 2529 libertatem
1190 2490 1468 2540 recuparatam
1496 2488 1714 2529 Isthmiade
1745 2489 1843 2531 cele-

269 2551 398 2602 brata,
427 2552 557 2602 primo
589 2564 693 2592 anno
721 2554 816 2604 post
843 2552 992 2604 Pythia
1022 2553 1150 2594 denuo
1179 2554 1414 2602 instaurata.

387 2617 522 2657 Tertio
554 2630 711 2669 quoque
747 2630 852 2658 anno
881 2618 1050 2659 Isthmia
1088 2621 1177 2659 acta
1213 2631 1298 2660 esse
1327 2618 1525 2660 Pindarus
1553 2620 1640 2671 ipse
1670 2620 1844 2659 testatur

269 2679 533 2736 ταυροφόνῳ
570 2681 796 2734 τριετηρίδι
833 2684 874 2723 N
896 2683 957 2723 VI
980 2685 1057 2736 40,
1093 2684 1366 2737 olympiadum
1402 2684 1572 2725 secundo
1610 2696 1766 2735 quoque
1802 2686 1845 2724 et
1881 2715 1883 2717 .

268 2759 404 2787 rursus
435 2749 577 2799 quarto
609 2760 766 2800 quoque
804 2760 926 2799 anno,
963 2763 1084 2791 verno
1120 2752 1299 2801 tempore
1334 2751 1428 2801 post
1457 2748 1640 2789 Grotium
1669 2742 1773 2802 (hist
1802 2748 1848 2788 of

386 2899 552 2984 ἾΗῩΙΑ
569 2901 605 2937 Π
622 2905 704 2948 646,
721 2906 780 2940 46.
795 2906 877 2950 661,
894 2906 953 2949 63,
977 2904 1078 2941 insci·
1096 2903 1212 2950 delph
1230 2906 1325 2939 20⁷⁵
1345 2901 1498 2947 Collitzg
1523 2900 1565 2939 cf
1578 2901 1667 2950 Aug
1683 2901 1842 2939 Momm-

269 2956 336 2982 sen
359 2946 456 2994 Delp
508 2950 726 3006 ¹⁵⁷-.²⁶¹·]
