2014 3360
856 198 1060 237 mmmm
1084 199 1119 237 v
1571 257 1576 261 ο
1685 201 1771 246 367

291 311 402 356 Ζεὺς
433 310 487 355 τά
516 325 563 355 τε
596 310 664 355 καὶ
695 312 748 354 τὰ
779 311 906 364 νέμει,

293 384 404 427 Ζεὺς
435 383 461 426 ὁ
492 383 670 427 πάντων
700 383 854 435 κύριος.
890 383 941 426 ἐν
971 381 1011 425 δ’
1040 382 1247 439 ἐρατεινῷ

293 456 426 508 μέλιτι
457 455 526 498 καὶ
555 457 701 510 τοιᾷδε
733 457 831 510 τιμᾷ
1758 493 1763 498 .

197 533 265 573 w
292 526 537 570 καλλίνικον
569 524 695 579 χάρμ’
726 524 1003 577 ἀγαπάζοντι.
1052 524 1279 578 μαρνάςθω
1310 539 1373 569 τις
1404 525 1546 579 ἔρδων
1727 538 1773 572 ‘10

214 656 260 689 55
292 643 398 700 ἀμφ’
429 645 642 689 ἀέθλοιςιν
673 645 829 696 γενεὰν
862 645 1090 688 Κλεονίκου
1633 599 1700 642 ἐπ’
1732 614 1759 651 γ

292 718 505 771 ἐκμαθών·
538 717 660 760 οὔτοι
689 717 960 769 τετύφλωται
993 716 1150 771 μακρός

292 790 451 843 μόχθος
482 786 797 842 ἀνδρῶν··οὐδ’
830 788 982 831 ὁπόςαι
1013 787 1213 841 δαπάναι,

290 861 480 905 ἐλπίδων
511 859 642 904 ἔκνιξ’
674 859 788 904 ὄπιν.

291 932 422 976 αἰνέω
454 933 522 975 καὶ
552 933 730 976 Πυθέαν
761 933 810 976 ἐν
841 931 1091 985 γυιοδάμαις
1725 943 1771 977 7⁵

215 1016 261 1049 ⁶0
292 1004 512 1060 Φυλακίδᾳ
543 1006 716 1055 πλαγᾶν
748 1003 910 1056 δρόμον
942 1003 1240 1058 εὐθυπορῆςαι,

293 1077 408 1129 χερςὶ
437 1076 592 1131 δεξιόν,
623 1075 714 1131 νόῳ
745 1074 997 1119 ἀντίπαλον.
1063 1096 1065 1098 >

292 1147 481 1202 λάμβανέ
514 1147 556 1191 οἱ
587 1148 817 1201 ςτέφανον,
847 1148 956 1200 φέρε
988 1146 1027 1190 δ’
1058 1147 1275 1200 εὔμαλλον
1306 1147 1468 1201 μίτραν,

292 1220 360 1262 καὶ
390 1219 630 1272 πτερόεντα
661 1220 764 1263 νέον
795 1220 1050 1272 ςύμπεμψον
1080 1219 1227 1272 ὕμνον.
1725 1230 1773 1264 80

315 1346 366 1384 52
391 1349 482 1384 τάδε
500 1349 560 1384 καί
583 1347 686 1394 libri,
712 1359 793 1384 corr
811 1347 964 1384 Boeckh
1061 1347 1214 1385 58-54
1237 1349 1378 1386 τοιαίδε
1394 1348 1498 1392 τιμαί
1514 1347 1683 1385 cohow-³
1701 1339 1772 1395 (re-

196 1405 277 1442 cep,
302 1396 343 1432 ἐν
357 1416 400 1422 -
415 1396 531 1440 μέλιτι
543 1416 589 1423 -
603 1397 727 1441 χάρμα
746 1396 838 1432 satis
857 1398 959 1433 recte
977 1396 1121 1443 interpr
1144 1395 1196 1432 Er
1214 1396 1378 1442 Schmid,
1403 1395 1539 1433 Dissen
1556 1395 1658 1443 expll
1676 1398 1771 1442 520),

195 1445 322 1490 τοιᾷδε
339 1447 429 1489 τιμᾷ
446 1442 569 1479 schol¹
587 1454 608 1479 c
627 1444 794 1490 paraphr
813 1443 965 1492 (Bergk)
1012 1480 1029 1495 ⁴
1063 1444 1214 1482 56-58
1241 1444 1296 1480 De
1314 1443 1475 1481 lectione
1494 1444 1587 1480 satis
1607 1445 1770 1480 constat:

196 1501 286 1527 num
303 1492 419 1528 ἔκνιξ’
437 1493 522 1527 ὄπιν
542 1491 579 1526 Β
599 1493 638 1527 et
656 1493 772 1528 ἔκνιζ’
789 1494 875 1528 ὄπιν
888 1493 929 1528 D
942 1492 1074 1528 eodem
1094 1492 1332 1538 conveniunt,
1355 1494 1469 1529 ἔκνις’
1488 1493 1552 1529 ὀπί
1570 1493 1706 1538 (ἐκνιςα
1724 1497 1771 1538 τῇ

195 1539 323 1586 φωνῇ)
346 1537 499 1575 novavit
522 1538 772 1575 Aristarchus.
822 1539 913 1576 Loci
938 1539 1201 1587 interpretatio
1224 1541 1388 1577 virorum
1412 1540 1605 1577 doctorum
1636 1539 1773 1576 studiis

195 1597 272 1622 non
294 1585 420 1622 minus
445 1585 646 1622 obscurata
670 1597 785 1632 quam
810 1587 1005 1634 expedita:
1040 1590 1278 1634 τετύφλωται
1303 1589 1391 1625 sunt
1415 1588 1482 1634 qui
1506 1588 1556 1623 ud
1579 1587 1773 1623 hominum

196 1633 423 1671 oblivionem
446 1633 613 1670 referant
636 1635 671 1680 (c
696 1634 800 1670 schol
824 1639 907 1679 440,
934 1638 979 1671 7?
1004 1636 1148 1683 Heyne,
1172 1636 1357 1684 Hertung,
1383 1635 1436 1682 Ty
1463 1636 1670 1672 Mommsen
1694 1635 1773 1671 vitu

196 1681 226 1717 P
244 1684 289 1718 57
315 1683 355 1717 et
378 1681 426 1717 ed
450 1682 528 1717 mai
552 1684 654 1728 422),
689 1682 756 1718 alii
782 1682 829 1718 de
853 1693 1054 1731 progressu
1080 1686 1147 1720 aut
1171 1686 1307 1726 eventu
1331 1684 1476 1720 dictum
1498 1685 1637 1730 putant
1664 1693 1774 1729 prae-

196 1730 309 1765 eunte
321 1728 479 1765 Disseno
498 1729 604 1775 (‘non
616 1729 815 1775 hebescit',
838 1731 928 1767 ‘non
941 1731 1095 1768 defecit'
1110 1732 1214 1779 expll
1226 1734 1321 1779 520),
1335 1750 1381 1763 =
1394 1734 1485 1769 ἐνιοι
1504 1731 1623 1767 scholl
1634 1735 1718 1776 440,
1729 1734 1772 1766 15

195 1778 384 1823 ὑξυδερκεῑ
402 1779 463 1813 καὶ
482 1779 556 1822 ἔχει
575 1779 669 1813 καλὰ
688 1779 978 1825 ἀποτελέςματα,
997 1779 1140 1825 optime
1151 1781 1265 1816 modo
1278 1791 1325 1816 ne
1337 1790 1474 1827 urgeas
1487 1781 1773 1822 ἀποτελέςματα.

197 1823 293 1860 Tum
311 1826 473 1861 δαπάναι
491 1824 652 1861 ἐλπίδων
671 1824 855 1873 iungebat
873 1827 947 1872 (ἐπὶ
966 1831 1044 1863 τῶν
1064 1829 1312 1873 ἐκβεβηκυιῶν
1331 1829 1506 1872 ἐλπίδων)
1522 1826 1772 1871 Aristarchus,

195 1872 288 1908 item
306 1872 509 1918 &sumptus
528 1872 568 1908 in
587 1883 693 1918 spem
712 1873 891 1913 victoriae
910 1874 1034 1921 facti')
1053 1875 1104 1910 Er
1117 1874 1280 1921 Schmid,
1303 1875 1457 1912 ‘frustra
1474 1875 1610 1912 factos'
1631 1875 1775 1921 interpr

196 1920 298 1966 Bury
327 1931 353 1966 p
379 1922 443 1963 85,
475 1922 514 1955 et
543 1921 630 1966 post
661 1921 820 1957 ἐλπίδων
854 1921 932 1957 dist
963 1924 1063 1960 certe
1089 1923 1250 1970 Bergk⁴;
1288 1925 1420 1960 contra
1444 1925 1604 1960 ἐλπίδων
1624 1944 1670 1951 -
1689 1925 1773 1959 ὄπιν

197 1967 301 2003 schol
325 1969 444 2015 (ἔνιοι)
471 1971 553 2011 440,
582 1971 643 2011 16,
675 1979 769 2013 quos
795 1971 945 2004 secutus
974 1970 1058 2006 ‘nec
1083 1981 1104 2006 ο
1133 1982 1236 2007 erem
1261 1974 1431 2018 (μόχθος)
1455 1981 1526 2007 nec
1549 1970 1674 2006 oleum
1697 1971 1774 2017 (δα-

195 2016 323 2061 πάναι)
353 2015 494 2051 frustra
523 2014 779 2061 insumpsisti'
812 2015 958 2062 Kayser
982 2017 1075 2068 lectt
1100 1982 1131 2053 ἓ
1154 2023 1218 2064 92,
1255 2029 1301 2055 ee
1329 2019 1482 2066 planius
1512 2019 1644 2054 etiam:
1684 2018 1774 2053 ‘non

195 2062 428 2099 frustraneus
453 2062 528 2098 fuit
551 2062 686 2109 longus
711 2062 820 2098 labor
844 2064 1036 2110 vitorum',
1070 2067 1154 2102 ‘nec
1179 2068 1365 2114 quotquot
1396 2068 1567 2114 sumptus
1591 2066 1606 2101 i
1631 2077 1651 2101 e
1681 2076 1773 2111 qno-

195 2110 294 2147 tiens
320 2111 566 2153 certaverunt,
592 2107 691 2147 lae&
722 2110 768 2146 iis
794 2113 852 2147 est
876 2113 1036 2148 ἐλπίδων
1062 2111 1157 2160 ὂπις,
1180 2114 1206 2149 h
1226 2125 1246 2150 e
1271 2125 1418 2162 semper
1442 2115 1624 2151 vicerunt’
1646 2113 1773 2149 Heim-

197 2158 305 2208 soetii
342 2158 418 2193 add
455 2168 537 2193 corr
567 2161 630 2201 6⁷3
667 2159 798 2194 ὁπόςαι
835 2159 891 2194 ita.
925 2159 1133 2206 explicant,
1167 2164 1211 2198 ut
1243 2164 1311 2198 aut
1342 2162 1491 2208 ‘quanti
1521 2161 1676 2197 fuerint’
1709 2160 1774 2207 (Et

197 2205 364 2252 Schmid)
401 2207 468 2242 aut
505 2206 707 2251 ‘quotquot
743 2206 910 2251 fuerunt,
948 2207 1020 2242 hoc
1051 2209 1198 2244 attrivit
1231 2220 1360 2245 eorum
1390 2210 1572 2246 studium’
1611 2208 1773 2255 (Dissen)

195 2253 438 2301 intellegam,
464 2252 531 2288 alii
554 2265 682 2288 rursus
708 2253 859 2289 schema.
883 2253 1125 2291 Pindaricum
1150 2258 1323 2293 statuunt
1348 2260 1453 2304 (ἔνιοι
1478 2256 1614 2303 scholl,
1645 2256 1773 2292 Heim-

197 2301 304 2338 soeth
330 2305 387 2346 68,
412 2300 469 2347 'Py
487 2300 705 2344 Mommsen,
732 2300 804 2337 Osc
828 2301 993 2347 Wilpert
1018 2302 1064 2337 de
1090 2304 1217 2339 schem
1242 2304 1340 2340 Pind
1365 2306 1493 2354 [1878]
1518 2307 1589 2352 27).
1638 2304 1773 2340 Emen-

197 2349 358 2386 dabant:
397 2350 478 2386 οὐδ’
501 2350 630 2385 ὁπόςαι
656 2350 834 2394 δαπάναι,
866 2350 1027 2386 ἐλπίδων
1057 2352 1164 2388 ἐκτὸς
1194 2354 1275 2389 ὂπις
1306 2352 1498 2400 Hartung,
1528 2353 1688 2390 ἐλπίδων
1720 2354 1773 2388 ἐξ·

197 2399 326 2434 έπεςον
363 2395 642 2433 Rauchenstein
678 2395 762 2440 Phil
801 2399 864 2440 35,
899 2399 970 2431 260
1007 2397 1245 2435 satisfaciens
1282 2399 1533 2436 Herwerdeno
1570 2399 1684 2436 studd
1714 2403 1771 2443 63,

197 2456 273 2481 non
296 2445 388 2482 item
417 2444 600 2480 Mauricio
632 2443 803 2479 Schmidt
826 2442 971 2488 CXLV3
1006 2446 1051 2480 οὐ
1085 2448 1323 2491 τετύφλωται
1353 2448 1534 2495 intellege
1570 2448 1658 2483 ‘non
1689 2457 1772 2482 cae-

197 2504 261 2529 cus
286 2494 361 2539 est,
391 2503 467 2531 non
491 2494 630 2528 temere
656 2492 850 2537 susceptus
874 2493 1015 2527 temere
1040 2492 1089 2527 ab
1115 2492 1170 2528 eis
1194 2495 1274 2529 tam
1299 2494 1366 2530 diu
1390 2495 1661 2539 continmtur',
1690 2496 1772 2531 tum

197 2541 247 2576 ud
271 2543 401 2578 ὁπόςαι
426 2539 587 2576 subaudi
611 2550 686 2575 non
710 2542 812 2585 ῆςαν,
839 2538 905 2574 sed
929 2539 1016 2575 είςίν
1042 2538 1099 2574 vel
1126 2543 1217 2576 εἷενε
1246 2542 1395 2586 ‘quanti
1420 2545 1547 2579 essent
1570 2542 1629 2578 vel
1652 2541 1771 2577 futuri

197 2591 322 2625 essent
352 2590 540 2635 sumptus,
575 2587 615 2623 id
645 2597 838 2632 nunquam
868 2586 1076 2621 animorum
1106 2588 1275 2634 pupugit
1301 2591 1460 2634 curam',
1495 2591 1521 2626 h
1552 2601 1573 2626 e
1606 2590 1661 2624 ‘id
1696 2600 1772 2624 non

196 2647 423 2684 magnopere
449 2648 532 2672 cum
558 2635 694 2672 animis
719 2635 796 2670 suis
826 2635 1123 2680 reputaverunt‘3
1159 2634 1339 2671 laudetur
1369 2638 1469 2673 enim
1500 2637 1703 2684 Lamponis
1734 2638 1772 2672 et

196 2685 399 2731 prudentis
429 2686 468 2721 et
500 2683 710 2720 liberalitas
829 2682 881 2718 59
913 2684 953 2718 ἐν
982 2683 1199 2732 γυιοδάμαις
1226 2711 1232 2718 .
1256 2712 1262 2718 .
1285 2711 1292 2719 .
1318 2687 1477 2728 πλαγαῖς
1506 2685 1654 2721 Hertun
1689 2714 1698 2729 ,
1730 2687 1770 2720 ἐν

197 2732 289 2779 (sive
314 2734 366 2780 ἐς)
388 2735 618 2777 γυιοδαμᾶνῖ
643 2730 795 2778 Bergk,
820 2733 844 2775 ἢ
869 2731 1099 2773 γυιοδαμᾶνῖ
1131 2727 1291 2774 ΟΙιτίείι’;
1323 2729 1371 2765 cf·
1384 2735 1429 2766 61
1449 2730 1502 2767 'et
1531 2732 1606 2778 prll
1630 2733 1665 2768 Π
1686 2732 1702 2753 ⁸

197 2779 249 2816 60
274 2782 486 2817 Φυλακίδαν
510 2780 551 2817 D
670 2779 719 2815 61
746 2780 847 2815 νόων
866 2777 924 2821 D;
955 2778 1008 2821 (ἐν
1033 2778 1262 2823 γυιοδάμαις)
1287 2779 1402 2823 χερςί,
1427 2782 1548 2817 δεξιὸν
1579 2780 1770 2816 Hennann

198 2838 248 2874 ep
272 2827 383 2874 Heyn
408 2830 447 2865 et
470 2839 519 2875 op
571 2827 623 2863 III
648 2830 730 2872 217,
761 2825 1038 2873 (εὐθυπορῆςαι)
1060 2824 1169 2870 χερςί,
1195 2826 1315 2860 δεξιὸν
1339 2826 1395 2870 (ἐν
1412 2828 1633 2872 γυιοδάμαις
1658 2827 1772 2863 ‘inter

197 2875 376 2958 eDthletes'
443 2923 478 2959 el
604 2877 701 2921 χερςὶ
720 2875 840 2911 δεξιόν
857 2884 900 2910 τε
922 2873 1001 2919 νόῳ
1026 2873 1254 2909 ἀντίπαλονῖ
1279 2871 1483 2917 Bergk⁸·⁸·⁴
1603 2874 1655 2910 ⁶8
1679 2876 1770 2911 νόον

239 2942 251 2968 ’Δ
272 2925 352 2970 νόῳ
430 2923 439 2932 ο
953 2921 988 2932 v
