<?xml version="1.0" encoding="UTF-8"?>
<!DOCTYPE html PUBLIC "-//W3C//DTD XHTML 1.0 Transitional//EN"
    "http://www.w3.org/TR/xhtml1/DTD/xhtml1-transitional.dtd">
<html xmlns="http://www.w3.org/1999/xhtml" xml:lang="en" lang="en">
 <head>
  <title>
</title>
<meta http-equiv="Content-Type" content="text/html;charset=utf-8" />
  <meta name='ocr-system' content='tesseract 3.04.00' />
  <meta name='ocr-capabilities' content='ocr_page ocr_carea ocr_par ocr_line ocrx_word'/>
</head>
<body>
  <div class='ocr_page' id='page_1' title='image "./pt1poetaelyricig01berguoft/pt1poetaelyricig01berguoft_0513.png"; bbox 0 0 2014 3360; ppageno 0'>
   <div class='ocr_carea' id='block_1_1' title="bbox 838 203 1769 251">
    <p class='ocr_par' dir='ltr' id='par_1_1' title="bbox 838 203 1769 251">
     <span class='ocr_line' id='line_1_1' title="bbox 838 203 1769 251; baseline 0 -11"><span class='ocrx_word' id='word_1_1' title='bbox 838 203 904 241; x_wconf 78' lang='lat' dir='ltr'><strong>DE</strong></span> <span class='ocrx_word' id='word_1_2' title='bbox 930 204 1095 241; x_wconf 75' lang='lat' dir='ltr'><strong>rAs&#39;ms</strong></span> <span class='ocrx_word' id='word_1_3' title='bbox 1677 207 1769 251; x_wconf 87' lang='lat'><strong>505</strong></span> 
     </span>
    </p>
   </div>
   <div class='ocr_carea' id='block_1_2' title="bbox 171 312 1768 456">
    <p class='ocr_par' dir='ltr' id='par_1_2' title="bbox 171 312 1768 456">
     <span class='ocr_line' id='line_1_2' title="bbox 173 312 1768 361; baseline 0.001 -11"><span class='ocrx_word' id='word_1_4' title='bbox 173 312 333 359; x_wconf 78' lang='lat' dir='ltr'><strong>ratione,</strong></span> <span class='ocrx_word' id='word_1_5' title='bbox 358 312 434 350; x_wconf 89' lang='lat' dir='ltr'><strong>nisi</strong></span> <span class='ocrx_word' id='word_1_6' title='bbox 453 313 671 350; x_wconf 69' lang='lat' dir='ltr'><strong>Aristoxeni</strong></span> <span class='ocrx_word' id='word_1_7' title='bbox 696 315 972 361; x_wconf 83' lang='grc' dir='ltr'>πεπυκνωμένῃ</span> <span class='ocrx_word' id='word_1_8' title='bbox 999 313 1224 359; x_wconf 82' lang='grc' dir='ltr'>ῥυθμοποιίᾳ</span> <span class='ocrx_word' id='word_1_9' title='bbox 1251 313 1313 360; x_wconf 92' lang='lat' dir='ltr'><strong>(de</strong></span> <span class='ocrx_word' id='word_1_10' title='bbox 1338 324 1415 359; x_wconf 89' lang='lat' dir='ltr'><strong>qua</strong></span> <span class='ocrx_word' id='word_1_11' title='bbox 1439 313 1556 351; x_wconf 83' lang='lat' dir='ltr'>Herm</span> <span class='ocrx_word' id='word_1_12' title='bbox 1581 318 1640 357; x_wconf 88' lang='grc'><strong>88,</strong></span> <span class='ocrx_word' id='word_1_13' title='bbox 1662 319 1768 361; x_wconf 85' lang='grc'>1903,</span> 
     </span>
     <span class='ocr_line' id='line_1_3' title="bbox 172 360 1768 408; baseline 0.001 -9"><span class='ocrx_word' id='word_1_14' title='bbox 172 365 304 408; x_wconf 78' lang='lat' dir='ltr'><strong>218ss,</strong></span> <span class='ocrx_word' id='word_1_15' title='bbox 330 360 501 398; x_wconf 84' lang='lat' dir='ltr'><strong>Vorarbb</strong></span> <span class='ocrx_word' id='word_1_16' title='bbox 526 361 656 408; x_wconf 87' lang='lat' dir='ltr'><strong>griech</strong></span> <span class='ocrx_word' id='word_1_17' title='bbox 682 361 893 408; x_wconf 83' lang='lat' dir='ltr'><strong>Versgesch</strong></span> <span class='ocrx_word' id='word_1_18' title='bbox 922 365 1027 406; x_wconf 91' lang='grc'>1908,</span> <span class='ocrx_word' id='word_1_19' title='bbox 1053 365 1099 397; x_wconf 87' lang='grc'><strong>93</strong></span> <span class='ocrx_word' id='word_1_20' title='bbox 1111 364 1162 407; x_wconf 90' lang='lat' dir='ltr'><strong>ss)</strong></span> <span class='ocrx_word' id='word_1_21' title='bbox 1187 361 1294 406; x_wconf 84' lang='lat' dir='ltr'><strong>freti,</strong></span> <span class='ocrx_word' id='word_1_22' title='bbox 1325 362 1590 407; x_wconf 86' lang='lat' dir='ltr'><strong>quaestionem</strong></span> <span class='ocrx_word' id='word_1_23' title='bbox 1615 363 1768 400; x_wconf 87' lang='lat' dir='ltr'><strong>difficil-</strong></span> 
     </span>
     <span class='ocr_line' id='line_1_4' title="bbox 171 409 1301 456; baseline -0.002 -9"><span class='ocrx_word' id='word_1_24' title='bbox 171 409 305 447; x_wconf 86' lang='lat' dir='ltr'><strong>limam</strong></span> <span class='ocrx_word' id='word_1_25' title='bbox 328 409 524 456; x_wconf 83' lang='lat' dir='ltr'><strong>profligari</strong></span> <span class='ocrx_word' id='word_1_26' title='bbox 550 421 662 456; x_wconf 90' lang='lat' dir='ltr'><strong>posse</strong></span> <span class='ocrx_word' id='word_1_27' title='bbox 687 410 851 456; x_wconf 76' lang='lat' dir='ltr'>sperent,</span> <span class='ocrx_word' id='word_1_28' title='bbox 877 410 1054 455; x_wconf 80' lang='lat' dir='ltr'><strong>equidem</strong></span> <span class='ocrx_word' id='word_1_29' title='bbox 1079 421 1156 447; x_wconf 86' lang='lat' dir='ltr'><strong>non</strong></span> <span class='ocrx_word' id='word_1_30' title='bbox 1182 410 1301 446; x_wconf 89' lang='lat' dir='ltr'><strong>video.</strong></span> 
     </span>
    </p>
   </div>
   <div class='ocr_carea' id='block_1_3' title="bbox 172 458 1837 555">
    <p class='ocr_par' dir='ltr' id='par_1_3' title="bbox 172 458 1837 555">
     <span class='ocr_line' id='line_1_5' title="bbox 292 458 1837 505; baseline 0.003 -12"><span class='ocrx_word' id='word_1_31' title='bbox 292 458 494 504; x_wconf 81' lang='lat' dir='ltr'><strong>Reliquum</strong></span> <span class='ocrx_word' id='word_1_32' title='bbox 525 460 584 494; x_wconf 92' lang='lat' dir='ltr'><strong>est</strong></span> <span class='ocrx_word' id='word_1_33' title='bbox 614 460 658 493; x_wconf 91' lang='lat' dir='ltr'><strong>ut</strong></span> <span class='ocrx_word' id='word_1_34' title='bbox 688 460 915 494; x_wconf 88' lang='lat' dir='ltr'><strong>moneantur</strong></span> <span class='ocrx_word' id='word_1_35' title='bbox 944 458 1101 503; x_wconf 88' lang='lat' dir='ltr'><strong>tirones,</strong></span> <span class='ocrx_word' id='word_1_36' title='bbox 1131 469 1180 494; x_wconf 89' lang='lat' dir='ltr'><strong>ne</strong></span> <span class='ocrx_word' id='word_1_37' title='bbox 1213 458 1374 505; x_wconf 87' lang='lat' dir='ltr'><strong>argutiis</strong></span> <span class='ocrx_word' id='word_1_38' title='bbox 1405 458 1491 495; x_wconf 91' lang='lat' dir='ltr'><strong>istis</strong></span> <span class='ocrx_word' id='word_1_39' title='bbox 1520 458 1694 496; x_wconf 87' lang='lat' dir='ltr'><strong>deterriti</strong></span> <span class='ocrx_word' id='word_1_40' title='bbox 1725 459 1766 496; x_wconf 92' lang='lat' dir='ltr'><strong>id</strong></span> <span class='ocrx_word' id='word_1_41' title='bbox 1835 481 1837 498; x_wconf 73' lang='grc'><strong><em>;</em></strong></span> 
     </span>
     <span class='ocr_line' id='line_1_6' title="bbox 172 506 1837 555; baseline 0.003 -13"><span class='ocrx_word' id='word_1_42' title='bbox 172 516 324 553; x_wconf 86' lang='lat' dir='ltr'><strong>quoque</strong></span> <span class='ocrx_word' id='word_1_43' title='bbox 342 506 535 554; x_wconf 86' lang='lat' dir='ltr'><strong>attingere</strong></span> <span class='ocrx_word' id='word_1_44' title='bbox 554 506 754 543; x_wconf 87' lang='lat' dir='ltr'><strong>fastidiose</strong></span> <span class='ocrx_word' id='word_1_45' title='bbox 772 507 959 551; x_wconf 90' lang='lat' dir='ltr'><strong>recusent,</strong></span> <span class='ocrx_word' id='word_1_46' title='bbox 973 507 1074 552; x_wconf 91' lang='lat' dir='ltr'><strong>quod</strong></span> <span class='ocrx_word' id='word_1_47' title='bbox 1089 517 1260 543; x_wconf 88' lang='lat' dir='ltr'><strong>exercere</strong></span> <span class='ocrx_word' id='word_1_48' title='bbox 1279 517 1420 553; x_wconf 86' lang='lat' dir='ltr'><strong>magno</strong></span> <span class='ocrx_word' id='word_1_49' title='bbox 1440 518 1523 543; x_wconf 87' lang='lat' dir='ltr'><strong>cum</strong></span> <span class='ocrx_word' id='word_1_50' title='bbox 1539 507 1767 555; x_wconf 84' lang='lat' dir='ltr'><strong>interpreta-</strong></span> <span class='ocrx_word' id='word_1_51' title='bbox 1836 544 1837 547; x_wconf 75' lang='grc'>,</span> 
     </span>
    </p>
   </div>
   <div class='ocr_carea' id='block_1_4' title="bbox 166 554 1770 2291">
    <p class='ocr_par' dir='ltr' id='par_1_4' title="bbox 168 554 1770 1123">
     <span class='ocr_line' id='line_1_7' title="bbox 171 554 1766 601; baseline 0.001 -10"><span class='ocrx_word' id='word_1_52' title='bbox 171 554 289 592; x_wconf 86' lang='lat' dir='ltr'><strong>tionis</strong></span> <span class='ocrx_word' id='word_1_53' title='bbox 314 554 511 591; x_wconf 86' lang='lat' dir='ltr'><strong>universae</strong></span> <span class='ocrx_word' id='word_1_54' title='bbox 537 554 791 591; x_wconf 89' lang='lat' dir='ltr'><strong>emolumento</strong></span> <span class='ocrx_word' id='word_1_55' title='bbox 816 554 959 590; x_wconf 89' lang='lat' dir='ltr'><strong>nemini</strong></span> <span class='ocrx_word' id='word_1_56' title='bbox 985 566 1060 591; x_wconf 89' lang='lat' dir='ltr'><strong>non</strong></span> <span class='ocrx_word' id='word_1_57' title='bbox 1086 554 1126 590; x_wconf 88' lang='lat' dir='ltr'><strong>iu</strong></span> <span class='ocrx_word' id='word_1_58' title='bbox 1150 556 1326 601; x_wconf 85' lang='lat' dir='ltr'><strong>promptu</strong></span> <span class='ocrx_word' id='word_1_59' title='bbox 1353 557 1428 600; x_wconf 85' lang='lat' dir='ltr'><strong>est,</strong></span> <span class='ocrx_word' id='word_1_60' title='bbox 1459 555 1526 601; x_wconf 89' lang='lat' dir='ltr'><strong>qui</strong></span> <span class='ocrx_word' id='word_1_61' title='bbox 1557 556 1766 592; x_wconf 80' lang='lat' dir='ltr'><strong>carminum</strong></span> 
     </span>
     <span class='ocr_line' id='line_1_8' title="bbox 170 602 1766 650; baseline 0.001 -11"><span class='ocrx_word' id='word_1_62' title='bbox 170 613 390 650; x_wconf 74' lang='lat' dir='ltr'><strong>graecorum</strong></span> <span class='ocrx_word' id='word_1_63' title='bbox 423 602 585 639; x_wconf 86' lang='lat' dir='ltr'><strong>sublatis</strong></span> <span class='ocrx_word' id='word_1_64' title='bbox 615 602 771 648; x_wconf 90' lang='lat' dir='ltr'><strong>quidem</strong></span> <span class='ocrx_word' id='word_1_65' title='bbox 800 603 968 639; x_wconf 85' lang='lat' dir='ltr'><strong>numeris</strong></span> <span class='ocrx_word' id='word_1_66' title='bbox 1000 603 1331 640; x_wconf 74' lang='lat' dir='ltr'><strong>semimortuorum</strong></span> <span class='ocrx_word' id='word_1_67' title='bbox 1363 603 1529 640; x_wconf 84' lang='lat' dir='ltr'><strong>animam</strong></span> <span class='ocrx_word' id='word_1_68' title='bbox 1559 604 1648 641; x_wconf 79' lang='lat' dir='ltr'><strong>viva</strong></span> <span class='ocrx_word' id='word_1_69' title='bbox 1676 615 1766 641; x_wconf 86' lang='lat' dir='ltr'><strong>voce</strong></span> 
     </span>
     <span class='ocr_line' id='line_1_9' title="bbox 169 651 1766 697; baseline 0.001 -10"><span class='ocrx_word' id='word_1_70' title='bbox 169 651 298 697; x_wconf 79' lang='lat' dir='ltr'><strong>quoad</strong></span> <span class='ocrx_word' id='word_1_71' title='bbox 322 662 391 697; x_wconf 91' lang='lat' dir='ltr'><strong>per</strong></span> <span class='ocrx_word' id='word_1_72' title='bbox 415 651 563 687; x_wconf 87' lang='lat' dir='ltr'><strong>aurium</strong></span> <span class='ocrx_word' id='word_1_73' title='bbox 589 652 803 687; x_wconf 87' lang='lat' dir='ltr'><strong>nostrarum</strong></span> <span class='ocrx_word' id='word_1_74' title='bbox 828 651 1042 687; x_wconf 84' lang='lat' dir='ltr'><strong>barbariem</strong></span> <span class='ocrx_word' id='word_1_75' title='bbox 1067 651 1185 687; x_wconf 89' lang='lat' dir='ltr'><strong>liceat</strong></span> <span class='ocrx_word' id='word_1_76' title='bbox 1208 651 1435 688; x_wconf 85' lang='lat' dir='ltr'><strong>resuscitare</strong></span> <span class='ocrx_word' id='word_1_77' title='bbox 1467 652 1666 689; x_wconf 89' lang='lat' dir='ltr'><strong>voluerint.</strong></span> <span class='ocrx_word' id='word_1_78' title='bbox 1711 653 1766 688; x_wconf 87' lang='lat' dir='ltr'><strong>Ex</strong></span> 
     </span>
     <span class='ocr_line' id='line_1_10' title="bbox 171 699 1766 746; baseline 0.001 -11"><span class='ocrx_word' id='word_1_79' title='bbox 171 710 247 745; x_wconf 89' lang='lat' dir='ltr'><strong>quo</strong></span> <span class='ocrx_word' id='word_1_80' title='bbox 272 700 373 736; x_wconf 89' lang='lat' dir='ltr'><strong>enim</strong></span> <span class='ocrx_word' id='word_1_81' title='bbox 397 699 503 736; x_wconf 89' lang='lat' dir='ltr'><strong>Henr</strong></span> <span class='ocrx_word' id='word_1_82' title='bbox 520 699 622 735; x_wconf 86' lang='lat' dir='ltr'><strong>Weil</strong></span> <span class='ocrx_word' id='word_1_83' title='bbox 647 701 774 746; x_wconf 74' lang='lat'>(18723</span> <span class='ocrx_word' id='word_1_84' title='bbox 807 699 849 735; x_wconf 82' lang='lat' dir='ltr'><strong>cf</strong></span> <span class='ocrx_word' id='word_1_85' title='bbox 875 699 992 735; x_wconf 88' lang='lat' dir='ltr'><strong>etiam</strong></span> <span class='ocrx_word' id='word_1_86' title='bbox 1017 699 1097 735; x_wconf 86' lang='lat' dir='ltr'><strong>wil</strong></span> <span class='ocrx_word' id='word_1_87' title='bbox 1121 699 1243 735; x_wconf 85' lang='lat' dir='ltr'><strong>Versk</strong></span> <span class='ocrx_word' id='word_1_88' title='bbox 1270 703 1350 736; x_wconf 87' lang='grc'>138.</span> <span class='ocrx_word' id='word_1_89' title='bbox 1372 703 1442 736; x_wconf 85' lang='grc'><strong>210</strong></span> <span class='ocrx_word' id='word_1_90' title='bbox 1453 704 1504 746; x_wconf 89' lang='lat' dir='ltr'><strong>ss)</strong></span> <span class='ocrx_word' id='word_1_91' title='bbox 1536 711 1582 737; x_wconf 86' lang='lat' dir='ltr'><strong>ex</strong></span> <span class='ocrx_word' id='word_1_92' title='bbox 1608 701 1766 737; x_wconf 80' lang='lat' dir='ltr'><strong>aeolicis</strong></span> 
     </span>
     <span class='ocr_line' id='line_1_11' title="bbox 169 747 1770 795; baseline 0.001 -12"><span class='ocrx_word' id='word_1_93' title='bbox 169 748 336 784; x_wconf 87' lang='lat' dir='ltr'><strong>numeris</strong></span> <span class='ocrx_word' id='word_1_94' title='bbox 355 747 520 785; x_wconf 81' lang='lat' dir='ltr'><strong>famosos</strong></span> <span class='ocrx_word' id='word_1_95' title='bbox 539 747 626 783; x_wconf 87' lang='lat' dir='ltr'><strong>illos</strong></span> <span class='ocrx_word' id='word_1_96' title='bbox 645 747 849 794; x_wconf 86' lang='lat' dir='ltr'><strong>logaoedos</strong></span> <span class='ocrx_word' id='word_1_97' title='bbox 868 747 1026 794; x_wconf 81' lang='lat' dir='ltr'><strong>expulit,</strong></span> <span class='ocrx_word' id='word_1_98' title='bbox 1047 749 1084 783; x_wconf 91' lang='lat' dir='ltr'><strong>et</strong></span> <span class='ocrx_word' id='word_1_99' title='bbox 1103 747 1191 784; x_wconf 85' lang='lat' dir='ltr'><strong>Frid</strong></span> <span class='ocrx_word' id='word_1_100' title='bbox 1206 748 1314 783; x_wconf 88' lang='lat' dir='ltr'><strong>Blass</strong></span> <span class='ocrx_word' id='word_1_101' title='bbox 1335 751 1455 793; x_wconf 88' lang='grc'>(1886,</span> <span class='ocrx_word' id='word_1_102' title='bbox 1474 748 1576 784; x_wconf 90' lang='lat' dir='ltr'><strong>idem</strong></span> <span class='ocrx_word' id='word_1_103' title='bbox 1597 749 1637 786; x_wconf 89' lang='lat' dir='ltr'><strong>iu</strong></span> <span class='ocrx_word' id='word_1_104' title='bbox 1657 749 1770 795; x_wconf 83' lang='lat' dir='ltr'><strong>praef</strong></span> 
     </span>
     <span class='ocr_line' id='line_1_12' title="bbox 169 795 1766 844; baseline 0.001 -12"><span class='ocrx_word' id='word_1_105' title='bbox 169 796 218 832; x_wconf 87' lang='lat' dir='ltr'><strong>ed</strong></span> <span class='ocrx_word' id='word_1_106' title='bbox 236 795 415 843; x_wconf 76' lang='lat' dir='ltr'><strong>Bacchyl)</strong></span> <span class='ocrx_word' id='word_1_107' title='bbox 441 795 650 841; x_wconf 81' lang='lat' dir='ltr'><strong>dactylicas</strong></span> <span class='ocrx_word' id='word_1_108' title='bbox 675 806 774 842; x_wconf 89' lang='lat' dir='ltr'><strong>quae</strong></span> <span class='ocrx_word' id='word_1_109' title='bbox 798 795 1025 832; x_wconf 87' lang='lat' dir='ltr'><strong>videbantur</strong></span> <span class='ocrx_word' id='word_1_110' title='bbox 1049 795 1236 842; x_wconf 79' lang='lat' dir='ltr'><strong>tripudias</strong></span> <span class='ocrx_word' id='word_1_111' title='bbox 1262 796 1312 832; x_wconf 91' lang='lat' dir='ltr'><strong>ad</strong></span> <span class='ocrx_word' id='word_1_112' title='bbox 1332 796 1496 833; x_wconf 86' lang='lat' dir='ltr'><strong>dimetra</strong></span> <span class='ocrx_word' id='word_1_113' title='bbox 1513 797 1689 844; x_wconf 86' lang='lat' dir='ltr'><strong>legitima</strong></span> <span class='ocrx_word' id='word_1_114' title='bbox 1707 809 1766 835; x_wconf 89' lang='lat' dir='ltr'><strong>re-</strong></span> 
     </span>
     <span class='ocr_line' id='line_1_13' title="bbox 169 843 1765 891; baseline 0.001 -10"><span class='ocrx_word' id='word_1_115' title='bbox 169 844 345 881; x_wconf 82' lang='lat' dir='ltr'><strong>ducenda</strong></span> <span class='ocrx_word' id='word_1_116' title='bbox 374 854 456 880; x_wconf 86' lang='lat' dir='ltr'><strong>esse</strong></span> <span class='ocrx_word' id='word_1_117' title='bbox 480 843 686 888; x_wconf 78' lang='lat' dir='ltr'><strong>intellexit,</strong></span> <span class='ocrx_word' id='word_1_118' title='bbox 714 865 759 871; x_wconf 91' lang='lat'>—</span> <span class='ocrx_word' id='word_1_119' title='bbox 785 855 861 890; x_wconf 87' lang='lat' dir='ltr'><strong>quo</strong></span> <span class='ocrx_word' id='word_1_120' title='bbox 894 844 1065 891; x_wconf 59' lang='lat' dir='ltr'><strong>feliciter,</strong></span> <span class='ocrx_word' id='word_1_121' title='bbox 1082 844 1235 880; x_wconf 87' lang='lat' dir='ltr'><strong>invento</strong></span> <span class='ocrx_word' id='word_1_122' title='bbox 1267 855 1315 880; x_wconf 89' lang='lat' dir='ltr'><strong>ne</strong></span> <span class='ocrx_word' id='word_1_123' title='bbox 1341 844 1464 891; x_wconf 90' lang='lat' dir='ltr'><strong>ipsum</strong></span> <span class='ocrx_word' id='word_1_124' title='bbox 1492 846 1646 891; x_wconf 90' lang='lat' dir='ltr'><strong>quidem</strong></span> <span class='ocrx_word' id='word_1_125' title='bbox 1671 847 1765 883; x_wconf 87' lang='lat' dir='ltr'><strong>stre-</strong></span> 
     </span>
     <span class='ocr_line' id='line_1_14' title="bbox 168 886 1766 939; baseline 0.001 -11"><span class='ocrx_word' id='word_1_126' title='bbox 168 903 244 930; x_wconf 87' lang='lat' dir='ltr'><strong>nue</strong></span> <span class='ocrx_word' id='word_1_127' title='bbox 267 892 327 928; x_wconf 91' lang='lat' dir='ltr'><strong>uti</strong></span> <span class='ocrx_word' id='word_1_128' title='bbox 354 892 516 929; x_wconf 88' lang='lat' dir='ltr'><strong>voluisse</strong></span> <span class='ocrx_word' id='word_1_129' title='bbox 541 903 772 939; x_wconf 72' lang='lat' dir='ltr'><strong>magnopere</strong></span> <span class='ocrx_word' id='word_1_130' title='bbox 797 886 1002 928; x_wconf 75' lang='lat' dir='ltr'><strong>dolendum</strong></span> <span class='ocrx_word' id='word_1_131' title='bbox 1029 894 1086 928; x_wconf 90' lang='lat' dir='ltr'><strong>est</strong></span> <span class='ocrx_word' id='word_1_132' title='bbox 1110 913 1170 938; x_wconf 90' lang='lat'><strong>—,</strong></span> <span class='ocrx_word' id='word_1_133' title='bbox 1194 893 1350 928; x_wconf 83' lang='lat' dir='ltr'><strong>tandem</strong></span> <span class='ocrx_word' id='word_1_134' title='bbox 1376 904 1420 929; x_wconf 92' lang='lat' dir='ltr'><strong>eo</strong></span> <span class='ocrx_word' id='word_1_135' title='bbox 1439 896 1662 939; x_wconf 89' lang='lat' dir='ltr'><strong>perventum</strong></span> <span class='ocrx_word' id='word_1_136' title='bbox 1682 905 1766 931; x_wconf 87' lang='lat' dir='ltr'><strong>esse</strong></span> 
     </span>
     <span class='ocr_line' id='line_1_15' title="bbox 169 940 1764 989; baseline 0.001 -12"><span class='ocrx_word' id='word_1_137' title='bbox 169 940 345 985; x_wconf 73' lang='lat' dir='ltr'><strong>arbitror,</strong></span> <span class='ocrx_word' id='word_1_138' title='bbox 375 942 419 976; x_wconf 90' lang='lat' dir='ltr'><strong>ut</strong></span> <span class='ocrx_word' id='word_1_139' title='bbox 449 941 621 976; x_wconf 88' lang='lat' dir='ltr'><strong>membra</strong></span> <span class='ocrx_word' id='word_1_140' title='bbox 653 941 905 986; x_wconf 89' lang='lat' dir='ltr'><strong>periodosque</strong></span> <span class='ocrx_word' id='word_1_141' title='bbox 936 943 1114 977; x_wconf 88' lang='lat' dir='ltr'><strong>accurate</strong></span> <span class='ocrx_word' id='word_1_142' title='bbox 1146 941 1331 977; x_wconf 89' lang='lat' dir='ltr'><strong>metiendi</strong></span> <span class='ocrx_word' id='word_1_143' title='bbox 1362 942 1402 978; x_wconf 91' lang='lat' dir='ltr'><strong>et</strong></span> <span class='ocrx_word' id='word_1_144' title='bbox 1426 942 1634 978; x_wconf 84' lang='lat' dir='ltr'><strong>secundum</strong></span> <span class='ocrx_word' id='word_1_145' title='bbox 1659 941 1764 989; x_wconf 88' lang='lat' dir='ltr'><strong>leges</strong></span> 
     </span>
     <span class='ocr_line' id='line_1_16' title="bbox 168 989 1766 1036; baseline 0 -10"><span class='ocrx_word' id='word_1_146' title='bbox 168 989 472 1036; x_wconf 85' lang='lat' dir='ltr'><strong>periodologicas</strong></span> <span class='ocrx_word' id='word_1_147' title='bbox 498 989 768 1036; x_wconf 80' lang='lat' dir='ltr'><strong>respondentia.</strong></span> <span class='ocrx_word' id='word_1_148' title='bbox 792 989 892 1025; x_wconf 89' lang='lat' dir='ltr'><strong>inter</strong></span> <span class='ocrx_word' id='word_1_149' title='bbox 917 1001 955 1025; x_wconf 89' lang='lat' dir='ltr'><strong>se</strong></span> <span class='ocrx_word' id='word_1_150' title='bbox 975 990 1230 1035; x_wconf 79' lang='lat' dir='ltr'><strong>exaequandi,</strong></span> <span class='ocrx_word' id='word_1_151' title='bbox 1250 989 1415 1035; x_wconf 88' lang='lat' dir='ltr'><strong>denique</strong></span> <span class='ocrx_word' id='word_1_152' title='bbox 1434 990 1558 1026; x_wconf 89' lang='lat' dir='ltr'><strong>varias</strong></span> <span class='ocrx_word' id='word_1_153' title='bbox 1577 991 1766 1027; x_wconf 88' lang='lat' dir='ltr'><strong>membro-</strong></span> 
     </span>
     <span class='ocr_line' id='line_1_17' title="bbox 168 1037 1765 1084; baseline 0.001 -10"><span class='ocrx_word' id='word_1_154' title='bbox 168 1048 254 1074; x_wconf 87' lang='lat' dir='ltr'><strong>rum</strong></span> <span class='ocrx_word' id='word_1_155' title='bbox 285 1037 326 1073; x_wconf 89' lang='lat' dir='ltr'><strong>in</strong></span> <span class='ocrx_word' id='word_1_156' title='bbox 350 1047 579 1083; x_wconf 86' lang='lat' dir='ltr'><strong>unaquaque</strong></span> <span class='ocrx_word' id='word_1_157' title='bbox 605 1037 762 1083; x_wconf 89' lang='lat' dir='ltr'><strong>stropha</strong></span> <span class='ocrx_word' id='word_1_158' title='bbox 786 1037 1086 1074; x_wconf 85' lang='lat' dir='ltr'><strong>necessitudines</strong></span> <span class='ocrx_word' id='word_1_159' title='bbox 1110 1038 1359 1084; x_wconf 87' lang='lat' dir='ltr'><strong>pernoscendi</strong></span> <span class='ocrx_word' id='word_1_160' title='bbox 1384 1050 1522 1074; x_wconf 87' lang='lat' dir='ltr'><strong>munus</strong></span> <span class='ocrx_word' id='word_1_161' title='bbox 1554 1038 1765 1076; x_wconf 81' lang='lat' dir='ltr'><strong>detrectare</strong></span> 
     </span>
     <span class='ocr_line' id='line_1_18' title="bbox 169 1085 692 1123; baseline -0.002 0"><span class='ocrx_word' id='word_1_162' title='bbox 169 1086 338 1123; x_wconf 85' lang='lat' dir='ltr'><strong>metricis</strong></span> <span class='ocrx_word' id='word_1_163' title='bbox 363 1097 439 1122; x_wconf 92' lang='lat' dir='ltr'><strong>non</strong></span> <span class='ocrx_word' id='word_1_164' title='bbox 463 1086 542 1122; x_wconf 88' lang='lat' dir='ltr'><strong>iam</strong></span> <span class='ocrx_word' id='word_1_165' title='bbox 566 1085 692 1122; x_wconf 87' lang='lat' dir='ltr'><strong>liceat.</strong></span> 
     </span>
    </p>

    <p class='ocr_par' dir='ltr' id='par_1_5' title="bbox 166 1133 1766 1954">
     <span class='ocr_line' id='line_1_19' title="bbox 289 1133 1764 1181; baseline 0.001 -12"><span class='ocrx_word' id='word_1_166' title='bbox 289 1133 344 1170; x_wconf 89' lang='lat' dir='ltr'><strong>De</strong></span> <span class='ocrx_word' id='word_1_167' title='bbox 369 1133 600 1181; x_wconf 80' lang='lat' dir='ltr'><strong>indagandis</strong></span> <span class='ocrx_word' id='word_1_168' title='bbox 625 1133 703 1169; x_wconf 88' lang='lat' dir='ltr'><strong>illis</strong></span> <span class='ocrx_word' id='word_1_169' title='bbox 728 1133 969 1180; x_wconf 83' lang='lat' dir='ltr'><strong>stropharum</strong></span> <span class='ocrx_word' id='word_1_170' title='bbox 995 1133 1145 1180; x_wconf 90' lang='lat' dir='ltr'><strong>legibus</strong></span> <span class='ocrx_word' id='word_1_171' title='bbox 1164 1133 1460 1180; x_wconf 83' lang='lat' dir='ltr'><strong>periodologicis</strong></span> <span class='ocrx_word' id='word_1_172' title='bbox 1479 1134 1657 1171; x_wconf 86' lang='lat' dir='ltr'><strong>meditari</strong></span> <span class='ocrx_word' id='word_1_173' title='bbox 1678 1147 1764 1172; x_wconf 91' lang='lat' dir='ltr'><strong>cum</strong></span> 
     </span>
     <span class='ocr_line' id='line_1_20' title="bbox 167 1181 1766 1230; baseline 0.001 -13"><span class='ocrx_word' id='word_1_174' title='bbox 167 1181 418 1219; x_wconf 84' lang='lat' dir='ltr'><strong>instituissem</strong></span> <span class='ocrx_word' id='word_1_175' title='bbox 444 1193 518 1228; x_wconf 87' lang='lat' dir='ltr'><strong>quo</strong></span> <span class='ocrx_word' id='word_1_176' title='bbox 545 1182 607 1218; x_wconf 87' lang='lat' dir='ltr'><strong>die</strong></span> <span class='ocrx_word' id='word_1_177' title='bbox 633 1181 771 1218; x_wconf 90' lang='lat' dir='ltr'><strong>Blassii</strong></span> <span class='ocrx_word' id='word_1_178' title='bbox 795 1182 1220 1218; x_wconf 87' lang='lat' dir='ltr'><strong>commentatiunculam</strong></span> <span class='ocrx_word' id='word_1_179' title='bbox 1250 1182 1330 1229; x_wconf 89' lang='lat' dir='ltr'><strong>legi</strong></span> <span class='ocrx_word' id='word_1_180' title='bbox 1362 1184 1408 1218; x_wconf 89' lang='lat' dir='ltr'><strong>de</strong></span> <span class='ocrx_word' id='word_1_181' title='bbox 1443 1183 1766 1230; x_wconf 83' lang='lat' dir='ltr'><strong>‘dactylepitrito-</strong></span> 
     </span>
     <span class='ocr_line' id='line_1_21' title="bbox 167 1230 1764 1278; baseline 0.001 -12"><span class='ocrx_word' id='word_1_182' title='bbox 167 1230 267 1266; x_wconf 91' lang='lat' dir='ltr'><strong>rum’</strong></span> <span class='ocrx_word' id='word_1_183' title='bbox 293 1234 431 1267; x_wconf 84' lang='lat' dir='ltr'><strong>natura</strong></span> <span class='ocrx_word' id='word_1_184' title='bbox 455 1241 525 1267; x_wconf 89' lang='lat' dir='ltr'><strong>nec</strong></span> <span class='ocrx_word' id='word_1_185' title='bbox 550 1230 742 1277; x_wconf 77' lang='lat' dir='ltr'><strong>dactylica</strong></span> <span class='ocrx_word' id='word_1_186' title='bbox 759 1241 883 1275; x_wconf 91' lang='lat' dir='ltr'><strong>neque</strong></span> <span class='ocrx_word' id='word_1_187' title='bbox 902 1230 1097 1276; x_wconf 84' lang='lat' dir='ltr'><strong>epitritica</strong></span> <span class='ocrx_word' id='word_1_188' title='bbox 1115 1230 1368 1277; x_wconf 81' lang='lat' dir='ltr'><strong>(Fleckeisens</strong></span> <span class='ocrx_word' id='word_1_189' title='bbox 1387 1231 1532 1267; x_wconf 85' lang='lat' dir='ltr'><strong>Jahrbb</strong></span> <span class='ocrx_word' id='word_1_190' title='bbox 1555 1235 1636 1276; x_wconf 84' lang='grc'>133,</span> <span class='ocrx_word' id='word_1_191' title='bbox 1658 1235 1764 1278; x_wconf 88' lang='grc'>1886,</span> 
     </span>
     <span class='ocr_line' id='line_1_22' title="bbox 167 1278 1763 1326; baseline 0.001 -12"><span class='ocrx_word' id='word_1_192' title='bbox 167 1281 266 1325; x_wconf 86' lang='grc'>460),</span> <span class='ocrx_word' id='word_1_193' title='bbox 291 1279 454 1326; x_wconf 80' lang='lat' dir='ltr'><strong>cognitis</strong></span> <span class='ocrx_word' id='word_1_194' title='bbox 479 1278 721 1324; x_wconf 82' lang='lat' dir='ltr'><strong>Bacchylidis</strong></span> <span class='ocrx_word' id='word_1_195' title='bbox 747 1278 977 1315; x_wconf 83' lang='lat' dir='ltr'><strong>carminibus</strong></span> <span class='ocrx_word' id='word_1_196' title='bbox 1001 1279 1122 1315; x_wconf 84' lang='lat' dir='ltr'><strong>fusius</strong></span> <span class='ocrx_word' id='word_1_197' title='bbox 1154 1279 1245 1325; x_wconf 90' lang='lat' dir='ltr'><strong>quid</strong></span> <span class='ocrx_word' id='word_1_198' title='bbox 1279 1279 1458 1315; x_wconf 87' lang='lat' dir='ltr'><strong>sentirem</strong></span> <span class='ocrx_word' id='word_1_199' title='bbox 1484 1280 1641 1326; x_wconf 78' lang='lat' dir='ltr'><strong>exposui</strong></span> <span class='ocrx_word' id='word_1_200' title='bbox 1669 1283 1763 1317; x_wconf 83' lang='grc'>1908</span> 
     </span>
     <span class='ocr_line' id='line_1_23' title="bbox 168 1326 1764 1375; baseline 0 -11"><span class='ocrx_word' id='word_1_201' title='bbox 168 1326 297 1374; x_wconf 87' lang='lat' dir='ltr'><strong>(Herm</strong></span> <span class='ocrx_word' id='word_1_202' title='bbox 324 1331 388 1372; x_wconf 87' lang='grc'><strong>38,</strong></span> <span class='ocrx_word' id='word_1_203' title='bbox 414 1331 483 1363; x_wconf 92' lang='grc'><strong>202</strong></span> <span class='ocrx_word' id='word_1_204' title='bbox 495 1339 549 1372; x_wconf 81' lang='lat' dir='ltr'><strong>ss,</strong></span> <span class='ocrx_word' id='word_1_205' title='bbox 575 1327 661 1363; x_wconf 89' lang='lat' dir='ltr'><strong>Phil</strong></span> <span class='ocrx_word' id='word_1_206' title='bbox 681 1330 745 1371; x_wconf 83' lang='grc'><strong>62,</strong></span> <span class='ocrx_word' id='word_1_207' title='bbox 767 1328 914 1374; x_wconf 67' lang='grc'>16155),</span> <span class='ocrx_word' id='word_1_208' title='bbox 950 1331 1044 1363; x_wconf 89' lang='grc'>1904</span> <span class='ocrx_word' id='word_1_209' title='bbox 1079 1327 1179 1374; x_wconf 88' lang='lat' dir='ltr'><strong>(Phil</strong></span> <span class='ocrx_word' id='word_1_210' title='bbox 1206 1331 1270 1371; x_wconf 91' lang='grc'><strong>63,</strong></span> <span class='ocrx_word' id='word_1_211' title='bbox 1291 1331 1358 1363; x_wconf 83' lang='grc'><strong>321</strong></span> <span class='ocrx_word' id='word_1_212' title='bbox 1372 1331 1439 1373; x_wconf 84' lang='lat' dir='ltr'><strong>ss),</strong></span> <span class='ocrx_word' id='word_1_213' title='bbox 1477 1332 1569 1363; x_wconf 83' lang='grc'>1905</span> <span class='ocrx_word' id='word_1_214' title='bbox 1603 1328 1764 1375; x_wconf 82' lang='lat' dir='ltr'><strong>(llbergs</strong></span> 
     </span>
     <span class='ocr_line' id='line_1_24' title="bbox 167 1375 1764 1423; baseline 0.001 -12"><span class='ocrx_word' id='word_1_215' title='bbox 167 1375 348 1412; x_wconf 81' lang='lat' dir='ltr'><strong>NJahrbb</strong></span> <span class='ocrx_word' id='word_1_216' title='bbox 370 1380 427 1421; x_wconf 98' lang='lat'><strong>15,</strong></span> <span class='ocrx_word' id='word_1_217' title='bbox 447 1379 492 1412; x_wconf 86' lang='grc'><strong>93</strong></span> <span class='ocrx_word' id='word_1_218' title='bbox 503 1387 540 1412; x_wconf 88' lang='lat' dir='ltr'><strong>ss</strong></span> <span class='ocrx_word' id='word_1_219' title='bbox 559 1394 605 1407; x_wconf 90' lang='lat'>=</span> <span class='ocrx_word' id='word_1_220' title='bbox 626 1375 798 1411; x_wconf 89' lang='lat' dir='ltr'><strong>Vorarbb</strong></span> <span class='ocrx_word' id='word_1_221' title='bbox 824 1387 870 1423; x_wconf 89' lang='lat' dir='ltr'><strong>gr</strong></span> <span class='ocrx_word' id='word_1_222' title='bbox 888 1375 1011 1422; x_wconf 84' lang='lat' dir='ltr'><strong>Versg</strong></span> <span class='ocrx_word' id='word_1_223' title='bbox 1030 1379 1135 1419; x_wconf 86' lang='lat'>1908,</span> <span class='ocrx_word' id='word_1_224' title='bbox 1158 1379 1224 1411; x_wconf 85' lang='lat'><strong>136</strong></span> <span class='ocrx_word' id='word_1_225' title='bbox 1237 1387 1284 1411; x_wconf 90' lang='lat' dir='ltr'><strong>ss.</strong></span> <span class='ocrx_word' id='word_1_226' title='bbox 1308 1379 1375 1411; x_wconf 88' lang='lat'><strong>158</strong></span> <span class='ocrx_word' id='word_1_227' title='bbox 1387 1378 1430 1422; x_wconf 91' lang='lat' dir='ltr'><strong>s),</strong></span> <span class='ocrx_word' id='word_1_228' title='bbox 1456 1376 1593 1412; x_wconf 87' lang='lat' dir='ltr'><strong>deinde</strong></span> <span class='ocrx_word' id='word_1_229' title='bbox 1612 1376 1764 1413; x_wconf 90' lang='lat' dir='ltr'><strong>brevius</strong></span> 
     </span>
     <span class='ocr_line' id='line_1_25' title="bbox 167 1423 1763 1470; baseline 0.001 -10"><span class='ocrx_word' id='word_1_230' title='bbox 167 1423 209 1460; x_wconf 89' lang='lat' dir='ltr'><strong>in</strong></span> <span class='ocrx_word' id='word_1_231' title='bbox 239 1423 370 1460; x_wconf 90' lang='lat' dir='ltr'><strong>libello</strong></span> <span class='ocrx_word' id='word_1_232' title='bbox 395 1437 421 1470; x_wconf 90' lang='lat' dir='ltr'><strong>q</strong></span> <span class='ocrx_word' id='word_1_233' title='bbox 445 1424 545 1460; x_wconf 88' lang='lat' dir='ltr'><strong>inscr</strong></span> <span class='ocrx_word' id='word_1_234' title='bbox 569 1424 759 1460; x_wconf 87' lang='lat' dir='ltr'><strong>Horazens</strong></span> <span class='ocrx_word' id='word_1_235' title='bbox 784 1423 919 1460; x_wconf 85' lang='lat' dir='ltr'><strong>Versm</strong></span> <span class='ocrx_word' id='word_1_236' title='bbox 951 1424 1068 1470; x_wconf 61' lang='lat' dir='ltr'><strong>(1,ng</strong></span> <span class='ocrx_word' id='word_1_237' title='bbox 1092 1428 1196 1466; x_wconf 78' lang='lat'>1911,</span> <span class='ocrx_word' id='word_1_238' title='bbox 1211 1426 1256 1470; x_wconf 84' lang='grc'><strong>2).</strong></span> <span class='ocrx_word' id='word_1_239' title='bbox 1296 1424 1624 1470; x_wconf 87' lang='lat' dir='ltr'><strong>Interpretationis</strong></span> <span class='ocrx_word' id='word_1_240' title='bbox 1655 1436 1763 1461; x_wconf 86' lang='lat' dir='ltr'><strong>meae</strong></span> 
     </span>
     <span class='ocr_line' id='line_1_26' title="bbox 166 1470 1763 1519; baseline 0.001 -11"><span class='ocrx_word' id='word_1_241' title='bbox 166 1472 322 1509; x_wconf 87' lang='lat' dir='ltr'><strong>unicum</strong></span> <span class='ocrx_word' id='word_1_242' title='bbox 347 1473 561 1519; x_wconf 88' lang='lat' dir='ltr'><strong>exemplum</strong></span> <span class='ocrx_word' id='word_1_243' title='bbox 586 1472 684 1508; x_wconf 87' lang='lat' dir='ltr'><strong>infra</strong></span> <span class='ocrx_word' id='word_1_244' title='bbox 709 1472 888 1518; x_wconf 90' lang='lat' dir='ltr'><strong>proposui</strong></span> <span class='ocrx_word' id='word_1_245' title='bbox 914 1471 955 1507; x_wconf 91' lang='lat' dir='ltr'><strong>iu</strong></span> <span class='ocrx_word' id='word_1_246' title='bbox 980 1472 1136 1518; x_wconf 86' lang='lat' dir='ltr'><strong>stropha</strong></span> <span class='ocrx_word' id='word_1_247' title='bbox 1155 1474 1198 1507; x_wconf 89' lang='lat' dir='ltr'><strong>ut</strong></span> <span class='ocrx_word' id='word_1_248' title='bbox 1217 1470 1526 1518; x_wconf 78' lang='lat' dir='ltr'><strong>simplicisssima,</strong></span> <span class='ocrx_word' id='word_1_249' title='bbox 1551 1472 1605 1508; x_wconf 87' lang='lat' dir='ltr'><strong>ita</strong></span> <span class='ocrx_word' id='word_1_250' title='bbox 1623 1473 1763 1510; x_wconf 88' lang='lat' dir='ltr'><strong>nostris</strong></span> 
     </span>
     <span class='ocr_line' id='line_1_27' title="bbox 168 1520 1764 1566; baseline 0 -9"><span class='ocrx_word' id='word_1_251' title='bbox 168 1520 384 1557; x_wconf 84' lang='lat' dir='ltr'><strong>hominibus</strong></span> <span class='ocrx_word' id='word_1_252' title='bbox 416 1521 524 1557; x_wconf 84' lang='lat' dir='ltr'><strong>aditu</strong></span> <span class='ocrx_word' id='word_1_253' title='bbox 556 1521 776 1557; x_wconf 89' lang='lat' dir='ltr'><strong>etiamnunc</strong></span> <span class='ocrx_word' id='word_1_254' title='bbox 808 1520 1024 1557; x_wconf 87' lang='lat' dir='ltr'><strong>difficiliore</strong></span> <span class='ocrx_word' id='word_1_255' title='bbox 1055 1520 1152 1556; x_wconf 88' lang='lat' dir='ltr'><strong>Nem</strong></span> <span class='ocrx_word' id='word_1_256' title='bbox 1177 1520 1245 1565; x_wconf 81' lang='lat' dir='ltr'><strong>X1;</strong></span> <span class='ocrx_word' id='word_1_257' title='bbox 1279 1520 1390 1566; x_wconf 90' lang='lat' dir='ltr'><strong>plura</strong></span> <span class='ocrx_word' id='word_1_258' title='bbox 1423 1521 1511 1556; x_wconf 91' lang='lat' dir='ltr'><strong>dedi</strong></span> <span class='ocrx_word' id='word_1_259' title='bbox 1543 1521 1687 1566; x_wconf 87' lang='lat' dir='ltr'><strong>passim</strong></span> <span class='ocrx_word' id='word_1_260' title='bbox 1722 1521 1764 1557; x_wconf 87' lang='lat' dir='ltr'><strong>in</strong></span> 
     </span>
     <span class='ocr_line' id='line_1_28' title="bbox 168 1568 1762 1616; baseline 0 -11"><span class='ocrx_word' id='word_1_261' title='bbox 168 1579 291 1605; x_wconf 91' lang='lat' dir='ltr'><strong>comm</strong></span> <span class='ocrx_word' id='word_1_262' title='bbox 317 1569 415 1616; x_wconf 77' lang='lat' dir='ltr'><strong>Pyth</strong></span> <span class='ocrx_word' id='word_1_263' title='bbox 440 1570 575 1616; x_wconf 82' lang='lat'>(1922).</span> <span class='ocrx_word' id='word_1_264' title='bbox 611 1568 765 1604; x_wconf 88' lang='lat' dir='ltr'><strong>Interim</strong></span> <span class='ocrx_word' id='word_1_265' title='bbox 791 1570 831 1605; x_wconf 88' lang='lat' dir='ltr'><strong>et</strong></span> <span class='ocrx_word' id='word_1_266' title='bbox 854 1569 895 1604; x_wconf 90' lang='lat' dir='ltr'><strong>in</strong></span> <span class='ocrx_word' id='word_1_267' title='bbox 921 1569 1136 1605; x_wconf 89' lang='lat' dir='ltr'><strong>dramatum</strong></span> <span class='ocrx_word' id='word_1_268' title='bbox 1162 1569 1319 1605; x_wconf 87' lang='lat' dir='ltr'><strong>canticis</strong></span> <span class='ocrx_word' id='word_1_269' title='bbox 1345 1580 1368 1604; x_wconf 90' lang='lat' dir='ltr'><strong>a</strong></span> <span class='ocrx_word' id='word_1_270' title='bbox 1393 1580 1453 1605; x_wconf 91' lang='lat' dir='ltr'><strong>me</strong></span> <span class='ocrx_word' id='word_1_271' title='bbox 1473 1569 1632 1615; x_wconf 88' lang='lat' dir='ltr'><strong>digestis</strong></span> <span class='ocrx_word' id='word_1_272' title='bbox 1652 1573 1762 1615; x_wconf 66' lang='grc'>(1907</span> 
     </span>
     <span class='ocr_line' id='line_1_29' title="bbox 169 1617 1763 1664; baseline -0.001 -10"><span class='ocrx_word' id='word_1_273' title='bbox 169 1619 278 1664; x_wconf 89' lang='lat'>——10)</span> <span class='ocrx_word' id='word_1_274' title='bbox 311 1619 350 1654; x_wconf 84' lang='lat' dir='ltr'><strong>et</strong></span> <span class='ocrx_word' id='word_1_275' title='bbox 379 1618 420 1654; x_wconf 90' lang='lat' dir='ltr'><strong>in</strong></span> <span class='ocrx_word' id='word_1_276' title='bbox 445 1617 735 1663; x_wconf 84' lang='lat' dir='ltr'><strong>diagrammatis</strong></span> <span class='ocrx_word' id='word_1_277' title='bbox 761 1617 858 1652; x_wconf 90' lang='lat' dir='ltr'><strong>Pind</strong></span> <span class='ocrx_word' id='word_1_278' title='bbox 884 1618 931 1654; x_wconf 91' lang='lat' dir='ltr'><strong>ed</strong></span> <span class='ocrx_word' id='word_1_279' title='bbox 957 1618 1036 1653; x_wconf 89' lang='lat' dir='ltr'><strong>min</strong></span> <span class='ocrx_word' id='word_1_280' title='bbox 1062 1619 1182 1664; x_wconf 86' lang='grc'>(1908.</span> <span class='ocrx_word' id='word_1_281' title='bbox 1204 1619 1311 1662; x_wconf 83' lang='grc'>1914)</span> <span class='ocrx_word' id='word_1_282' title='bbox 1342 1617 1496 1653; x_wconf 87' lang='lat' dir='ltr'><strong>insertis</strong></span> <span class='ocrx_word' id='word_1_283' title='bbox 1528 1617 1692 1654; x_wconf 85' lang='lat' dir='ltr'><strong>facultas</strong></span> <span class='ocrx_word' id='word_1_284' title='bbox 1717 1629 1763 1653; x_wconf 91' lang='lat' dir='ltr'><strong>vv</strong></span> 
     </span>
     <span class='ocr_line' id='line_1_30' title="bbox 168 1665 1762 1713; baseline 0.001 -12"><span class='ocrx_word' id='word_1_285' title='bbox 168 1665 218 1701; x_wconf 90' lang='lat' dir='ltr'><strong>dd</strong></span> <span class='ocrx_word' id='word_1_286' title='bbox 246 1666 338 1702; x_wconf 84' lang='lat' dir='ltr'><strong>data</strong></span> <span class='ocrx_word' id='word_1_287' title='bbox 362 1668 421 1702; x_wconf 90' lang='lat' dir='ltr'><strong>est</strong></span> <span class='ocrx_word' id='word_1_288' title='bbox 445 1665 701 1709; x_wconf 80' lang='lat' dir='ltr'><strong>examinandi,</strong></span> <span class='ocrx_word' id='word_1_289' title='bbox 725 1667 854 1701; x_wconf 89' lang='lat' dir='ltr'><strong>utrum</strong></span> <span class='ocrx_word' id='word_1_290' title='bbox 881 1665 1052 1702; x_wconf 87' lang='lat' dir='ltr'><strong>artificiis</strong></span> <span class='ocrx_word' id='word_1_291' title='bbox 1078 1665 1328 1702; x_wconf 86' lang='lat' dir='ltr'><strong>arithmeticis</strong></span> <span class='ocrx_word' id='word_1_292' title='bbox 1355 1667 1423 1701; x_wconf 92' lang='lat' dir='ltr'><strong>aut</strong></span> <span class='ocrx_word' id='word_1_293' title='bbox 1447 1666 1608 1713; x_wconf 84' lang='lat' dir='ltr'><strong>magicis</strong></span> <span class='ocrx_word' id='word_1_294' title='bbox 1634 1666 1762 1703; x_wconf 88' lang='lat' dir='ltr'><strong>nescio</strong></span> 
     </span>
     <span class='ocr_line' id='line_1_31' title="bbox 168 1712 1762 1760; baseline 0 -10"><span class='ocrx_word' id='word_1_295' title='bbox 168 1713 307 1760; x_wconf 87' lang='lat' dir='ltr'><strong>quibus</strong></span> <span class='ocrx_word' id='word_1_296' title='bbox 324 1712 381 1750; x_wconf 42' lang='lat' dir='ltr'><strong>*an</strong></span> <span class='ocrx_word' id='word_1_297' title='bbox 405 1719 605 1760; x_wconf 91' lang='lat' dir='ltr'><strong>poetarum</strong></span> <span class='ocrx_word' id='word_1_298' title='bbox 628 1714 715 1750; x_wconf 89' lang='lat' dir='ltr'><strong>usui</strong></span> <span class='ocrx_word' id='word_1_299' title='bbox 739 1714 809 1750; x_wconf 90' lang='lat' dir='ltr'><strong>rite</strong></span> <span class='ocrx_word' id='word_1_300' title='bbox 835 1713 1033 1750; x_wconf 88' lang='lat' dir='ltr'><strong>observato</strong></span> <span class='ocrx_word' id='word_1_301' title='bbox 1059 1714 1271 1751; x_wconf 85' lang='lat' dir='ltr'><strong>debeantur</strong></span> <span class='ocrx_word' id='word_1_302' title='bbox 1294 1713 1385 1750; x_wconf 89' lang='lat' dir='ltr'><strong>illae</strong></span> <span class='ocrx_word' id='word_1_303' title='bbox 1409 1713 1533 1760; x_wconf 83' lang='lat' dir='ltr'><strong>leges,</strong></span> <span class='ocrx_word' id='word_1_304' title='bbox 1558 1714 1696 1759; x_wconf 89' lang='lat' dir='ltr'><strong>quibus</strong></span> <span class='ocrx_word' id='word_1_305' title='bbox 1715 1715 1762 1750; x_wconf 88' lang='lat' dir='ltr'><strong>in</strong></span> 
     </span>
     <span class='ocr_line' id='line_1_32' title="bbox 169 1762 1762 1809; baseline -0.001 -10"><span class='ocrx_word' id='word_1_306' title='bbox 169 1762 290 1799; x_wconf 88' lang='lat' dir='ltr'><strong>omni</strong></span> <span class='ocrx_word' id='word_1_307' title='bbox 316 1763 512 1809; x_wconf 88' lang='lat' dir='ltr'><strong>stropha</strong></span> <span class='ocrx_word' id='word_1_308' title='bbox 537 1762 865 1809; x_wconf 85' lang='lat' dir='ltr'><strong>praevalentes</strong></span> <span class='ocrx_word' id='word_1_309' title='bbox 891 1762 1023 1808; x_wconf 89' lang='lat' dir='ltr'><strong>quasi</strong></span> <span class='ocrx_word' id='word_1_310' title='bbox 1048 1762 1346 1809; x_wconf 86' lang='lat' dir='ltr'><strong>postulentur</strong></span> <span class='ocrx_word' id='word_1_311' title='bbox 1371 1762 1667 1808; x_wconf 82' lang='lat' dir='ltr'><strong>periodorum</strong></span> <span class='ocrx_word' id='word_1_312' title='bbox 1693 1762 1762 1798; x_wconf 91' lang='lat' dir='ltr'><strong>bi-</strong></span> 
     </span>
     <span class='ocr_line' id='line_1_33' title="bbox 168 1810 1762 1858; baseline -0.001 -12"><span class='ocrx_word' id='word_1_313' title='bbox 168 1822 252 1858; x_wconf 87' lang='lat' dir='ltr'><strong>gae</strong></span> <span class='ocrx_word' id='word_1_314' title='bbox 290 1811 492 1858; x_wconf 78' lang='lat' dir='ltr'><strong>(‘Stollcn’)</strong></span> <span class='ocrx_word' id='word_1_315' title='bbox 536 1811 733 1847; x_wconf 88' lang='lat' dir='ltr'><strong>variatis</strong></span> <span class='ocrx_word' id='word_1_316' title='bbox 770 1810 1041 1856; x_wconf 86' lang='lat' dir='ltr'><strong>plerumque</strong></span> <span class='ocrx_word' id='word_1_317' title='bbox 1085 1810 1287 1846; x_wconf 89' lang='lat' dir='ltr'><strong>numeris</strong></span> <span class='ocrx_word' id='word_1_318' title='bbox 1326 1810 1451 1846; x_wconf 88' lang='lat' dir='ltr'><strong>inter</strong></span> <span class='ocrx_word' id='word_1_319' title='bbox 1487 1821 1534 1847; x_wconf 89' lang='lat' dir='ltr'><strong>se</strong></span> <span class='ocrx_word' id='word_1_320' title='bbox 1571 1821 1762 1856; x_wconf 89' lang='lat' dir='ltr'><strong>respon-</strong></span> 
     </span>
     <span class='ocr_line' id='line_1_34' title="bbox 168 1858 1762 1906; baseline 0 -11"><span class='ocrx_word' id='word_1_321' title='bbox 168 1859 350 1904; x_wconf 81' lang='lat' dir='ltr'><strong>dentes,</strong></span> <span class='ocrx_word' id='word_1_322' title='bbox 381 1859 519 1905; x_wconf 90' lang='lat' dir='ltr'><strong>quidve</strong></span> <span class='ocrx_word' id='word_1_323' title='bbox 551 1870 571 1894; x_wconf 90' lang='lat' dir='ltr'><strong>e</strong></span> <span class='ocrx_word' id='word_1_324' title='bbox 603 1859 775 1906; x_wconf 90' lang='lat' dir='ltr'><strong>legitimo</strong></span> <span class='ocrx_word' id='word_1_325' title='bbox 801 1858 867 1895; x_wconf 93' lang='lat' dir='ltr'><strong>illo</strong></span> <span class='ocrx_word' id='word_1_326' title='bbox 891 1870 1074 1905; x_wconf 87' lang='lat' dir='ltr'><strong>responsu</strong></span> <span class='ocrx_word' id='word_1_327' title='bbox 1105 1859 1347 1905; x_wconf 87' lang='lat' dir='ltr'><strong>periodorum</strong></span> <span class='ocrx_word' id='word_1_328' title='bbox 1373 1859 1512 1895; x_wconf 86' lang='lat' dir='ltr'><strong>evadat</strong></span> <span class='ocrx_word' id='word_1_329' title='bbox 1543 1859 1678 1895; x_wconf 88' lang='lat' dir='ltr'><strong>auxilii</strong></span> <span class='ocrx_word' id='word_1_330' title='bbox 1711 1859 1762 1895; x_wconf 87' lang='lat' dir='ltr'><strong>ad</strong></span> 
     </span>
     <span class='ocr_line' id='line_1_35' title="bbox 168 1907 1458 1954; baseline 0 -11"><span class='ocrx_word' id='word_1_331' title='bbox 168 1907 340 1944; x_wconf 88' lang='lat' dir='ltr'><strong>membra</strong></span> <span class='ocrx_word' id='word_1_332' title='bbox 363 1909 554 1953; x_wconf 85' lang='lat' dir='ltr'><strong>quaedam</strong></span> <span class='ocrx_word' id='word_1_333' title='bbox 578 1918 778 1944; x_wconf 89' lang='lat' dir='ltr'><strong>mensurae</strong></span> <span class='ocrx_word' id='word_1_334' title='bbox 805 1907 1010 1954; x_wconf 85' lang='lat' dir='ltr'><strong>ambiguae</strong></span> <span class='ocrx_word' id='word_1_335' title='bbox 1034 1909 1136 1943; x_wconf 86' lang='lat' dir='ltr'><strong>recte</strong></span> <span class='ocrx_word' id='word_1_336' title='bbox 1161 1907 1458 1953; x_wconf 86' lang='lat' dir='ltr'><strong>interpretanda.</strong></span> 
     </span>
    </p>

    <p class='ocr_par' dir='ltr' id='par_1_6' title="bbox 167 1955 1763 2098">
     <span class='ocr_line' id='line_1_36' title="bbox 289 1955 1763 2002; baseline -0.001 -11"><span class='ocrx_word' id='word_1_337' title='bbox 289 1955 373 1999; x_wconf 80' lang='lat' dir='ltr'><strong>Qua</strong></span> <span class='ocrx_word' id='word_1_338' title='bbox 403 1956 444 1991; x_wconf 91' lang='lat' dir='ltr'><strong>in</strong></span> <span class='ocrx_word' id='word_1_339' title='bbox 474 1967 515 1992; x_wconf 90' lang='lat' dir='ltr'><strong>re</strong></span> <span class='ocrx_word' id='word_1_340' title='bbox 546 1967 669 2001; x_wconf 86' lang='lat' dir='ltr'><strong>neque</strong></span> <span class='ocrx_word' id='word_1_341' title='bbox 701 1956 935 1991; x_wconf 88' lang='lat' dir='ltr'><strong>deminuitur</strong></span> <span class='ocrx_word' id='word_1_342' title='bbox 965 1955 1062 2002; x_wconf 87' lang='lat' dir='ltr'><strong>legis</strong></span> <span class='ocrx_word' id='word_1_343' title='bbox 1095 1955 1320 2000; x_wconf 73' lang='lat' dir='ltr'><strong>auctoritas,</strong></span> <span class='ocrx_word' id='word_1_344' title='bbox 1352 1955 1383 1991; x_wconf 87' lang='lat' dir='ltr'><strong>si</strong></span> <span class='ocrx_word' id='word_1_345' title='bbox 1418 1955 1572 2000; x_wconf 90' lang='lat' dir='ltr'><strong>quando</strong></span> <span class='ocrx_word' id='word_1_346' title='bbox 1606 1956 1763 2001; x_wconf 89' lang='lat' dir='ltr'><strong>propter</strong></span> 
     </span>
     <span class='ocr_line' id='line_1_37' title="bbox 167 2002 1762 2098; baseline -0.001 -10"><span class='ocrx_word' id='word_1_347' title='bbox 167 2003 565 2098; x_wconf 51' lang='lat' dir='ltr'><strong>zssgiffkffssassm‘zffl}</strong></span> <span class='ocrx_word' id='word_1_348' title='bbox 585 2006 797 2088; x_wconf 56' lang='lat' dir='ltr'><strong>”effizzzffi</strong></span> <span class='ocrx_word' id='word_1_349' title='bbox 815 2005 1042 2088; x_wconf 55' lang='lat'><strong>“52103153</strong></span> <span class='ocrx_word' id='word_1_350' title='bbox 1051 2002 1762 2097; x_wconf 50' lang='lat' dir='ltr'><strong>9131311030flssgtrfinizof33⁰¹zssoessfififf</strong></span> 
     </span>
    </p>

    <p class='ocr_par' dir='ltr' id='par_1_7' title="bbox 166 2071 1762 2291">
     <span class='ocr_line' id='line_1_38' title="bbox 803 2071 1762 2096; baseline 0.001 -1"><span class='ocrx_word' id='word_1_351' title='bbox 803 2079 813 2095; x_wconf 67' lang='lat'>2</span> <span class='ocrx_word' id='word_1_352' title='bbox 1514 2079 1524 2096; x_wconf 64' lang='grc' dir='ltr'><strong>ν</strong></span> <span class='ocrx_word' id='word_1_353' title='bbox 1744 2071 1762 2079; x_wconf 75' lang='grc'><strong>”</strong></span> 
     </span>
     <span class='ocr_line' id='line_1_39' title="bbox 166 2099 1761 2146; baseline -0.001 -10"><span class='ocrx_word' id='word_1_354' title='bbox 166 2101 264 2146; x_wconf 88' lang='lat' dir='ltr'><strong>phat</strong></span> <span class='ocrx_word' id='word_1_355' title='bbox 288 2100 357 2136; x_wconf 89' lang='lat' dir='ltr'><strong>illa</strong></span> <span class='ocrx_word' id='word_1_356' title='bbox 379 2100 457 2143; x_wconf 77' lang='lat' dir='ltr'><strong>lex,</strong></span> <span class='ocrx_word' id='word_1_357' title='bbox 496 2101 529 2136; x_wconf 89' lang='lat' dir='ltr'><strong>si</strong></span> <span class='ocrx_word' id='word_1_358' title='bbox 561 2100 664 2136; x_wconf 58' lang='lat' dir='ltr'><strong>vei-nt</strong></span> <span class='ocrx_word' id='word_1_359' title='bbox 693 2100 734 2136; x_wconf 89' lang='lat' dir='ltr'><strong>in</strong></span> <span class='ocrx_word' id='word_1_360' title='bbox 760 2099 857 2135; x_wconf 92' lang='lat' dir='ltr'><strong>Pind</strong></span> <span class='ocrx_word' id='word_1_361' title='bbox 883 2099 1020 2146; x_wconf 77' lang='lat' dir='ltr'><strong>Olymp</strong></span> <span class='ocrx_word' id='word_1_362' title='bbox 1039 2100 1089 2136; x_wconf 91' lang='lat' dir='ltr'><strong>IX</strong></span> <span class='ocrx_word' id='word_1_363' title='bbox 1113 2101 1256 2146; x_wconf 91' lang='lat' dir='ltr'><strong>epodo,</strong></span> <span class='ocrx_word' id='word_1_364' title='bbox 1287 2099 1387 2145; x_wconf 80' lang='lat' dir='ltr'><strong>Pyth</strong></span> <span class='ocrx_word' id='word_1_365' title='bbox 1412 2099 1446 2134; x_wconf 84' lang='lat' dir='ltr'>X</span> <span class='ocrx_word' id='word_1_366' title='bbox 1472 2100 1629 2146; x_wconf 90' lang='lat' dir='ltr'><strong>stropha</strong></span> <span class='ocrx_word' id='word_1_367' title='bbox 1652 2099 1761 2146; x_wconf 89' lang='lat' dir='ltr'><strong>(item</strong></span> 
     </span>
     <span class='ocr_line' id='line_1_40' title="bbox 167 2147 1761 2194; baseline -0.001 -10"><span class='ocrx_word' id='word_1_368' title='bbox 167 2148 293 2185; x_wconf 88' lang='lat' dir='ltr'><strong>Aesch</strong></span> <span class='ocrx_word' id='word_1_369' title='bbox 317 2148 407 2184; x_wconf 90' lang='lat' dir='ltr'><strong>Pers</strong></span> <span class='ocrx_word' id='word_1_370' title='bbox 434 2152 502 2184; x_wconf 83' lang='lat'><strong>949</strong></span> <span class='ocrx_word' id='word_1_371' title='bbox 514 2150 564 2194; x_wconf 91' lang='lat' dir='ltr'><strong>ss)</strong></span> <span class='ocrx_word' id='word_1_372' title='bbox 596 2159 617 2184; x_wconf 89' lang='lat' dir='ltr'><strong>e</strong></span> <span class='ocrx_word' id='word_1_373' title='bbox 649 2148 905 2184; x_wconf 88' lang='lat' dir='ltr'><strong>diversissima</strong></span> <span class='ocrx_word' id='word_1_374' title='bbox 935 2148 1189 2184; x_wconf 89' lang='lat' dir='ltr'><strong>membrorum</strong></span> <span class='ocrx_word' id='word_1_375' title='bbox 1219 2147 1534 2194; x_wconf 84' lang='lat' dir='ltr'><strong>interpretatione</strong></span> <span class='ocrx_word' id='word_1_376' title='bbox 1569 2148 1761 2194; x_wconf 87' lang='lat' dir='ltr'><strong>ambiguis</strong></span> 
     </span>
     <span class='ocr_line' id='line_1_41' title="bbox 168 2196 1761 2243; baseline -0.001 -10"><span class='ocrx_word' id='word_1_377' title='bbox 168 2207 266 2243; x_wconf 87' lang='lat' dir='ltr'><strong>quae</strong></span> <span class='ocrx_word' id='word_1_378' title='bbox 291 2196 402 2233; x_wconf 89' lang='lat' dir='ltr'><strong>nobis</strong></span> <span class='ocrx_word' id='word_1_379' title='bbox 427 2196 581 2242; x_wconf 85' lang='lat' dir='ltr'><strong>quidem</strong></span> <span class='ocrx_word' id='word_1_380' title='bbox 607 2197 731 2233; x_wconf 85' lang='lat' dir='ltr'><strong>adhuc</strong></span> <span class='ocrx_word' id='word_1_381' title='bbox 754 2197 929 2232; x_wconf 86' lang='lat' dir='ltr'><strong>videntur</strong></span> <span class='ocrx_word' id='word_1_382' title='bbox 956 2196 1136 2233; x_wconf 88' lang='lat' dir='ltr'><strong>membris</strong></span> <span class='ocrx_word' id='word_1_383' title='bbox 1160 2207 1236 2232; x_wconf 90' lang='lat' dir='ltr'><strong>non</strong></span> <span class='ocrx_word' id='word_1_384' title='bbox 1262 2208 1353 2232; x_wconf 86' lang='lat' dir='ltr'><strong>casu</strong></span> <span class='ocrx_word' id='word_1_385' title='bbox 1378 2197 1479 2232; x_wconf 88' lang='lat' dir='ltr'><strong>certe</strong></span> <span class='ocrx_word' id='word_1_386' title='bbox 1504 2208 1528 2232; x_wconf 85' lang='lat' dir='ltr'><strong>a</strong></span> <span class='ocrx_word' id='word_1_387' title='bbox 1552 2198 1667 2243; x_wconf 88' lang='lat' dir='ltr'><strong>poeta</strong></span> <span class='ocrx_word' id='word_1_388' title='bbox 1692 2207 1761 2243; x_wconf 90' lang='lat' dir='ltr'><strong>pa-</strong></span> 
     </span>
     <span class='ocr_line' id='line_1_42' title="bbox 167 2244 1442 2291; baseline -0.001 -10"><span class='ocrx_word' id='word_1_389' title='bbox 167 2245 261 2282; x_wconf 88' lang='lat' dir='ltr'><strong>riter</strong></span> <span class='ocrx_word' id='word_1_390' title='bbox 283 2245 476 2290; x_wconf 88' lang='lat' dir='ltr'><strong>utrimque</strong></span> <span class='ocrx_word' id='word_1_391' title='bbox 501 2245 697 2291; x_wconf 88' lang='lat' dir='ltr'><strong>dispositis</strong></span> <span class='ocrx_word' id='word_1_392' title='bbox 723 2245 857 2281; x_wconf 89' lang='lat' dir='ltr'><strong>eadem</strong></span> <span class='ocrx_word' id='word_1_393' title='bbox 882 2245 1044 2281; x_wconf 85' lang='lat' dir='ltr'><strong>evaserit</strong></span> <span class='ocrx_word' id='word_1_394' title='bbox 1067 2244 1309 2291; x_wconf 89' lang='lat' dir='ltr'><strong>periodorum</strong></span> <span class='ocrx_word' id='word_1_395' title='bbox 1333 2244 1442 2280; x_wconf 85' lang='lat' dir='ltr'><strong>ratio.</strong></span> 
     </span>
    </p>
   </div>
   <div class='ocr_carea' id='block_1_5' title="bbox 648 2369 1277 2422">
    <p class='ocr_par' dir='ltr' id='par_1_8' title="bbox 648 2369 1277 2422">
     <span class='ocr_line' id='line_1_43' title="bbox 648 2369 1277 2422; baseline 0 -12"><span class='ocrx_word' id='word_1_396' title='bbox 648 2371 715 2410; x_wconf 91' lang='lat' dir='ltr'><strong>De</strong></span> <span class='ocrx_word' id='word_1_397' title='bbox 741 2369 888 2411; x_wconf 84' lang='lat' dir='ltr'><strong>fastis</strong></span> <span class='ocrx_word' id='word_1_398' title='bbox 913 2371 1277 2422; x_wconf 83' lang='lat' dir='ltr'><strong>panhellenicis</strong></span> 
     </span>
    </p>
   </div>
   <div class='ocr_carea' id='block_1_6' title="bbox 166 2435 1760 3016">
    <p class='ocr_par' dir='ltr' id='par_1_9' title="bbox 166 2435 1760 2869">
     <span class='ocr_line' id='line_1_44' title="bbox 287 2435 1760 2486; baseline -0.001 -12"><span class='ocrx_word' id='word_1_399' title='bbox 287 2451 313 2486; x_wconf 90' lang='lat' dir='ltr'><strong>p</strong></span> <span class='ocrx_word' id='word_1_400' title='bbox 332 2437 384 2474; x_wconf 79' lang='lat'><strong>46</strong></span> <span class='ocrx_word' id='word_1_401' title='bbox 396 2449 433 2474; x_wconf 90' lang='lat' dir='ltr'><strong>ss</strong></span> <span class='ocrx_word' id='word_1_402' title='bbox 458 2437 544 2474; x_wconf 89' lang='lat' dir='ltr'><strong>Iulii</strong></span> <span class='ocrx_word' id='word_1_403' title='bbox 571 2437 743 2474; x_wconf 83' lang='lat' dir='ltr'><strong>Africani</strong></span> <span class='ocrx_word' id='word_1_404' title='bbox 763 2436 1187 2484; x_wconf 80' lang='lat' dir='ltr'><strong>Olympionicarum</strong></span> <span class='ocrx_word' id='word_1_405' title='bbox 1212 2436 1376 2472; x_wconf 88' lang='lat' dir='ltr'><strong>indicem</strong></span> <span class='ocrx_word' id='word_1_406' title='bbox 1396 2446 1420 2470; x_wconf 94' lang='lat' dir='ltr'><strong>a</strong></span> <span class='ocrx_word' id='word_1_407' title='bbox 1439 2435 1760 2482; x_wconf 77' lang='lat' dir='ltr'><strong>Mahaffii-(1882)</strong></span> 
     </span>
     <span class='ocr_line' id='line_1_45' title="bbox 168 2484 1760 2532; baseline -0.003 -9"><span class='ocrx_word' id='word_1_408' title='bbox 168 2486 404 2532; x_wconf 82' lang='lat' dir='ltr'><strong>aliorumque</strong></span> <span class='ocrx_word' id='word_1_409' title='bbox 413 2486 541 2522; x_wconf 90' lang='lat' dir='ltr'><strong>nimiis</strong></span> <span class='ocrx_word' id='word_1_410' title='bbox 553 2486 775 2532; x_wconf 89' lang='lat' dir='ltr'><strong>plerumque</strong></span> <span class='ocrx_word' id='word_1_411' title='bbox 789 2485 1067 2531; x_wconf 86' lang='lat' dir='ltr'><strong>suspicionibus</strong></span> <span class='ocrx_word' id='word_1_412' title='bbox 1082 2487 1233 2520; x_wconf 89' lang='lat' dir='ltr'><strong>strenue</strong></span> <span class='ocrx_word' id='word_1_413' title='bbox 1247 2484 1420 2520; x_wconf 85' lang='lat' dir='ltr'><strong>defendit</strong></span> <span class='ocrx_word' id='word_1_414' title='bbox 1433 2485 1519 2531; x_wconf 90' lang='lat' dir='ltr'><strong>Aug</strong></span> <span class='ocrx_word' id='word_1_415' title='bbox 1526 2484 1760 2520; x_wconf 83' lang='lat' dir='ltr'><strong>Brinkmann</strong></span> 
     </span>
     <span class='ocr_line' id='line_1_46' title="bbox 167 2532 1760 2580; baseline -0.002 -9"><span class='ocrx_word' id='word_1_416' title='bbox 167 2535 229 2571; x_wconf 87' lang='lat' dir='ltr'><strong>Rh</strong></span> <span class='ocrx_word' id='word_1_417' title='bbox 242 2535 327 2570; x_wconf 85' lang='lat' dir='ltr'><strong>Mus</strong></span> <span class='ocrx_word' id='word_1_418' title='bbox 348 2539 405 2580; x_wconf 88' lang='grc'><strong>70,</strong></span> <span class='ocrx_word' id='word_1_419' title='bbox 427 2538 532 2578; x_wconf 88' lang='grc'>1915,</span> <span class='ocrx_word' id='word_1_420' title='bbox 554 2537 622 2570; x_wconf 88' lang='grc'><strong>622</strong></span> <span class='ocrx_word' id='word_1_421' title='bbox 634 2545 688 2579; x_wconf 76' lang='lat' dir='ltr'><strong>ss3</strong></span> <span class='ocrx_word' id='word_1_422' title='bbox 720 2534 761 2569; x_wconf 90' lang='lat' dir='ltr'><strong>cf</strong></span> <span class='ocrx_word' id='word_1_423' title='bbox 785 2534 901 2569; x_wconf 89' lang='lat' dir='ltr'><strong>etiam</strong></span> <span class='ocrx_word' id='word_1_424' title='bbox 926 2533 1006 2568; x_wconf 89' lang='lat' dir='ltr'><strong>Wil</strong></span> <span class='ocrx_word' id='word_1_425' title='bbox 1030 2533 1128 2568; x_wconf 90' lang='lat' dir='ltr'><strong>Pind</strong></span> <span class='ocrx_word' id='word_1_426' title='bbox 1147 2536 1213 2569; x_wconf 88' lang='lat'><strong>481</strong></span> <span class='ocrx_word' id='word_1_427' title='bbox 1229 2544 1277 2569; x_wconf 89' lang='lat' dir='ltr'><strong>ss.</strong></span> <span class='ocrx_word' id='word_1_428' title='bbox 1304 2553 1348 2560; x_wconf 89' lang='lat'><strong>—-</strong></span> <span class='ocrx_word' id='word_1_429' title='bbox 1375 2532 1431 2568; x_wconf 92' lang='lat' dir='ltr'><strong>De</strong></span> <span class='ocrx_word' id='word_1_430' title='bbox 1457 2532 1613 2568; x_wconf 90' lang='lat' dir='ltr'><strong>indice</strong></span> <span class='ocrx_word' id='word_1_431' title='bbox 1641 2532 1760 2578; x_wconf 79' lang='lat' dir='ltr'><strong>Oxy-</strong></span> 
     </span>
     <span class='ocr_line' id='line_1_47' title="bbox 167 2580 1759 2629; baseline -0.002 -10"><span class='ocrx_word' id='word_1_432' title='bbox 167 2582 451 2629; x_wconf 78' lang='lat' dir='ltr'><strong>rhynchensi</strong></span> <span class='ocrx_word' id='word_1_433' title='bbox 477 2582 552 2628; x_wconf 87' lang='lat' dir='ltr'><strong>(vol</strong></span> <span class='ocrx_word' id='word_1_434' title='bbox 570 2582 663 2618; x_wconf 84' lang='lat'>1185</span> <span class='ocrx_word' id='word_1_435' title='bbox 683 2594 729 2617; x_wconf 91' lang='lat' dir='ltr'><strong>nr</strong></span> <span class='ocrx_word' id='word_1_436' title='bbox 741 2584 826 2627; x_wconf 82' lang='grc'>222)</span> <span class='ocrx_word' id='word_1_437' title='bbox 852 2582 1141 2627; x_wconf 88' lang='lat' dir='ltr'><strong>disputaverunt</strong></span> <span class='ocrx_word' id='word_1_438' title='bbox 1166 2580 1239 2617; x_wconf 87' lang='lat' dir='ltr'><strong>Car</strong></span> <span class='ocrx_word' id='word_1_439' title='bbox 1257 2581 1400 2617; x_wconf 87' lang='lat' dir='ltr'><strong>Robert</strong></span> <span class='ocrx_word' id='word_1_440' title='bbox 1425 2580 1542 2616; x_wconf 90' lang='lat' dir='ltr'><strong>Herm</strong></span> <span class='ocrx_word' id='word_1_441' title='bbox 1562 2584 1624 2625; x_wconf 90' lang='grc'><strong>35,</strong></span> <span class='ocrx_word' id='word_1_442' title='bbox 1654 2584 1759 2624; x_wconf 88' lang='grc'>1900,</span> 
     </span>
     <span class='ocr_line' id='line_1_48' title="bbox 170 2628 1760 2676; baseline -0.002 -9"><span class='ocrx_word' id='word_1_443' title='bbox 170 2635 303 2675; x_wconf 76' lang='lat' dir='ltr'><strong>141ss,</strong></span> <span class='ocrx_word' id='word_1_444' title='bbox 328 2631 409 2667; x_wconf 90' lang='lat' dir='ltr'><strong>Iust</strong></span> <span class='ocrx_word' id='word_1_445' title='bbox 433 2630 547 2666; x_wconf 87' lang='lat' dir='ltr'><strong>Herm</strong></span> <span class='ocrx_word' id='word_1_446' title='bbox 567 2630 717 2676; x_wconf 86' lang='lat' dir='ltr'><strong>Lipsius</strong></span> <span class='ocrx_word' id='word_1_447' title='bbox 749 2630 863 2676; x_wconf 85' lang='lat' dir='ltr'><strong>Leipz</strong></span> <span class='ocrx_word' id='word_1_448' title='bbox 883 2629 1032 2676; x_wconf 87' lang='lat' dir='ltr'><strong>Sitzgsb</strong></span> <span class='ocrx_word' id='word_1_449' title='bbox 1054 2632 1158 2672; x_wconf 93' lang='grc'>1900,</span> <span class='ocrx_word' id='word_1_450' title='bbox 1175 2634 1192 2664; x_wconf 95' lang='grc'><strong>1</strong></span> <span class='ocrx_word' id='word_1_451' title='bbox 1207 2641 1261 2672; x_wconf 87' lang='lat' dir='ltr'><strong>ss,</strong></span> <span class='ocrx_word' id='word_1_452' title='bbox 1294 2628 1409 2665; x_wconf 88' lang='lat' dir='ltr'><strong>Herm</strong></span> <span class='ocrx_word' id='word_1_453' title='bbox 1423 2628 1527 2664; x_wconf 91' lang='lat' dir='ltr'><strong>Diels</strong></span> <span class='ocrx_word' id='word_1_454' title='bbox 1559 2628 1673 2664; x_wconf 88' lang='lat' dir='ltr'><strong>Herm</strong></span> <span class='ocrx_word' id='word_1_455' title='bbox 1700 2632 1760 2674; x_wconf 85' lang='lat'><strong>36,</strong></span> 
     </span>
     <span class='ocr_line' id='line_1_49' title="bbox 169 2677 1759 2724; baseline -0.003 -8"><span class='ocrx_word' id='word_1_456' title='bbox 169 2683 276 2724; x_wconf 84' lang='grc'>1901,</span> <span class='ocrx_word' id='word_1_457' title='bbox 290 2683 333 2715; x_wconf 89' lang='grc'><strong>72</strong></span> <span class='ocrx_word' id='word_1_458' title='bbox 347 2691 394 2716; x_wconf 83' lang='lat' dir='ltr'><strong>ss.</strong></span> <span class='ocrx_word' id='word_1_459' title='bbox 414 2683 472 2715; x_wconf 89' lang='grc'><strong>80.</strong></span> <span class='ocrx_word' id='word_1_460' title='bbox 500 2699 544 2705; x_wconf 86' lang='grc'>-</span> <span class='ocrx_word' id='word_1_461' title='bbox 572 2679 625 2714; x_wconf 89' lang='lat' dir='ltr'><strong>De</strong></span> <span class='ocrx_word' id='word_1_462' title='bbox 650 2678 784 2714; x_wconf 85' lang='lat' dir='ltr'><strong>feriis</strong></span> <span class='ocrx_word' id='word_1_463' title='bbox 811 2677 973 2724; x_wconf 83' lang='lat' dir='ltr'><strong>Olymp</strong></span> <span class='ocrx_word' id='word_1_464' title='bbox 1000 2678 1102 2722; x_wconf 79' lang='lat' dir='ltr'><strong>(Das</strong></span> <span class='ocrx_word' id='word_1_465' title='bbox 1119 2678 1300 2722; x_wconf 75' lang='lat' dir='ltr'><strong>Hochfest</strong></span> <span class='ocrx_word' id='word_1_466' title='bbox 1319 2678 1345 2713; x_wconf 82' lang='lat' dir='ltr'><strong>d</strong></span> <span class='ocrx_word' id='word_1_467' title='bbox 1363 2678 1460 2714; x_wconf 75' lang='lat' dir='ltr'><strong>Zeus</strong></span> <span class='ocrx_word' id='word_1_468' title='bbox 1478 2678 1494 2713; x_wconf 80' lang='lat' dir='ltr'><strong>i</strong></span> <span class='ocrx_word' id='word_1_469' title='bbox 1516 2677 1577 2722; x_wconf 80' lang='grc' dir='ltr'><strong>ΟΖ)</strong></span> <span class='ocrx_word' id='word_1_470' title='bbox 1598 2688 1657 2713; x_wconf 89' lang='lat' dir='ltr'><strong>scr</strong></span> <span class='ocrx_word' id='word_1_471' title='bbox 1676 2677 1759 2712; x_wconf 88' lang='lat' dir='ltr'><strong>Lud</strong></span> 
     </span>
     <span class='ocr_line' id='line_1_50' title="bbox 166 2725 1759 2774; baseline -0.001 -11"><span class='ocrx_word' id='word_1_472' title='bbox 166 2727 349 2774; x_wconf 87' lang='lat' dir='ltr'><strong>Weniger</strong></span> <span class='ocrx_word' id='word_1_473' title='bbox 361 2727 467 2763; x_wconf 90' lang='lat' dir='ltr'><strong>Beitr</strong></span> <span class='ocrx_word' id='word_1_474' title='bbox 485 2726 550 2762; x_wconf 89' lang='lat' dir='ltr'><strong>Alt</strong></span> <span class='ocrx_word' id='word_1_475' title='bbox 568 2726 690 2763; x_wconf 86' lang='lat' dir='ltr'><strong>Gesch</strong></span> <span class='ocrx_word' id='word_1_476' title='bbox 710 2726 762 2761; x_wconf 91' lang='lat' dir='ltr'><strong>lV</strong></span> <span class='ocrx_word' id='word_1_477' title='bbox 784 2729 888 2771; x_wconf 86' lang='lat'>1904,</span> <span class='ocrx_word' id='word_1_478' title='bbox 910 2729 978 2762; x_wconf 88' lang='grc'><strong>125</strong></span> <span class='ocrx_word' id='word_1_479' title='bbox 989 2737 1037 2770; x_wconf 89' lang='lat' dir='ltr'><strong>ss,</strong></span> <span class='ocrx_word' id='word_1_480' title='bbox 1056 2725 1091 2761; x_wconf 90' lang='lat' dir='ltr'><strong>V</strong></span> <span class='ocrx_word' id='word_1_481' title='bbox 1109 2725 1226 2773; x_wconf 87' lang='lat' dir='ltr'><strong>(Klio)</strong></span> <span class='ocrx_word' id='word_1_482' title='bbox 1241 2731 1258 2762; x_wconf 93' lang='lat'>1</span> <span class='ocrx_word' id='word_1_483' title='bbox 1272 2737 1319 2761; x_wconf 89' lang='lat' dir='ltr'><strong>ss.</strong></span> <span class='ocrx_word' id='word_1_484' title='bbox 1346 2725 1402 2761; x_wconf 89' lang='lat' dir='ltr'><strong>De</strong></span> <span class='ocrx_word' id='word_1_485' title='bbox 1422 2725 1598 2761; x_wconf 87' lang='lat' dir='ltr'><strong>universa</strong></span> <span class='ocrx_word' id='word_1_486' title='bbox 1613 2725 1759 2761; x_wconf 80' lang='lat' dir='ltr'><strong>‘chro-</strong></span> 
     </span>
     <span class='ocr_line' id='line_1_51' title="bbox 166 2773 1759 2822; baseline -0.002 -11"><span class='ocrx_word' id='word_1_487' title='bbox 166 2775 358 2822; x_wconf 90' lang='lat' dir='ltr'><strong>nologia</strong></span> <span class='ocrx_word' id='word_1_488' title='bbox 381 2775 645 2811; x_wconf 83' lang='lat' dir='ltr'><strong>Pindarica’</strong></span> <span class='ocrx_word' id='word_1_489' title='bbox 678 2774 817 2811; x_wconf 90' lang='lat' dir='ltr'><strong>librum</strong></span> <span class='ocrx_word' id='word_1_490' title='bbox 845 2774 1058 2820; x_wconf 88' lang='lat' dir='ltr'><strong>composuit</strong></span> <span class='ocrx_word' id='word_1_491' title='bbox 1081 2776 1170 2820; x_wconf 90' lang='lat' dir='ltr'><strong>post</strong></span> <span class='ocrx_word' id='word_1_492' title='bbox 1196 2773 1361 2809; x_wconf 90' lang='lat' dir='ltr'><strong>indicem</strong></span> <span class='ocrx_word' id='word_1_493' title='bbox 1387 2773 1515 2818; x_wconf 82' lang='lat' dir='ltr'><strong>Oxyrh</strong></span> <span class='ocrx_word' id='word_1_494' title='bbox 1541 2773 1602 2808; x_wconf 86' lang='lat' dir='ltr'><strong>vix</strong></span> <span class='ocrx_word' id='word_1_495' title='bbox 1627 2773 1759 2819; x_wconf 84' lang='lat' dir='ltr'><strong>cogni-</strong></span> 
     </span>
     <span class='ocr_line' id='line_1_52' title="bbox 167 2821 1511 2869; baseline -0.002 -9"><span class='ocrx_word' id='word_1_496' title='bbox 167 2825 260 2869; x_wconf 88' lang='lat' dir='ltr'><strong>tum,</strong></span> <span class='ocrx_word' id='word_1_497' title='bbox 286 2825 374 2860; x_wconf 87' lang='lat' dir='ltr'><strong>ante</strong></span> <span class='ocrx_word' id='word_1_498' title='bbox 398 2834 562 2869; x_wconf 84' lang='lat' dir='ltr'><strong>paeanes</strong></span> <span class='ocrx_word' id='word_1_499' title='bbox 586 2823 696 2859; x_wconf 89' lang='lat' dir='ltr'><strong>nobis</strong></span> <span class='ocrx_word' id='word_1_500' title='bbox 721 2823 891 2859; x_wconf 89' lang='lat' dir='ltr'><strong>redditos</strong></span> <span class='ocrx_word' id='word_1_501' title='bbox 917 2822 1007 2859; x_wconf 88' lang='lat' dir='ltr'><strong>Cam</strong></span> <span class='ocrx_word' id='word_1_502' title='bbox 1026 2822 1174 2868; x_wconf 85' lang='lat' dir='ltr'><strong>Gaspar</strong></span> <span class='ocrx_word' id='word_1_503' title='bbox 1198 2821 1391 2858; x_wconf 85' lang='lat' dir='ltr'><strong>Bruxelles</strong></span> <span class='ocrx_word' id='word_1_504' title='bbox 1419 2825 1511 2857; x_wconf 87' lang='grc'>1900</span> 
     </span>
    </p>

    <p class='ocr_par' dir='ltr' id='par_1_10' title="bbox 169 2868 1759 3016">
     <span class='ocr_line' id='line_1_53' title="bbox 288 2868 1759 2919; baseline -0.002 -12"><span class='ocrx_word' id='word_1_505' title='bbox 288 2884 313 2918; x_wconf 90' lang='lat' dir='ltr'><strong>p</strong></span> <span class='ocrx_word' id='word_1_506' title='bbox 334 2871 424 2919; x_wconf 72' lang='lat' dir='ltr'><strong>54s5</strong></span> <span class='ocrx_word' id='word_1_507' title='bbox 450 2871 590 2907; x_wconf 90' lang='lat' dir='ltr'><strong>Locum</strong></span> <span class='ocrx_word' id='word_1_508' title='bbox 610 2872 659 2906; x_wconf 92' lang='lat' dir='ltr'><strong>ad</strong></span> <span class='ocrx_word' id='word_1_509' title='bbox 678 2871 975 2917; x_wconf 89' lang='lat' dir='ltr'><strong>hippodromi</strong></span> <span class='ocrx_word' id='word_1_510' title='bbox 995 2869 1227 2916; x_wconf 81' lang='lat' dir='ltr'><strong>Olympici</strong></span> <span class='ocrx_word' id='word_1_511' title='bbox 1251 2880 1486 2906; x_wconf 89' lang='lat' dir='ltr'><strong>mensuras</strong></span> <span class='ocrx_word' id='word_1_512' title='bbox 1505 2868 1759 2915; x_wconf 86' lang='lat' dir='ltr'><strong>pertinentem</strong></span> 
     </span>
     <span class='ocr_line' id='line_1_54' title="bbox 169 2916 1758 2966; baseline -0.003 -10"><span class='ocrx_word' id='word_1_513' title='bbox 169 2919 291 2956; x_wconf 86' lang='lat' dir='ltr'><strong>denuo</strong></span> <span class='ocrx_word' id='word_1_514' title='bbox 310 2919 492 2956; x_wconf 81' lang='lat' dir='ltr'><strong>tractavit</strong></span> <span class='ocrx_word' id='word_1_515' title='bbox 509 2919 658 2965; x_wconf 83' lang='lat' dir='ltr'><strong>Gaspar</strong></span> <span class='ocrx_word' id='word_1_516' title='bbox 677 2919 755 2955; x_wconf 82' lang='lat' dir='ltr'><strong>Rev</strong></span> <span class='ocrx_word' id='word_1_517' title='bbox 774 2919 798 2954; x_wconf 91' lang='lat' dir='ltr'><strong>d</strong></span> <span class='ocrx_word' id='word_1_518' title='bbox 818 2918 939 2966; x_wconf 88' lang='lat' dir='ltr'><strong>philol</strong></span> <span class='ocrx_word' id='word_1_519' title='bbox 960 2921 1066 2963; x_wconf 87' lang='grc'>1905,</span> <span class='ocrx_word' id='word_1_520' title='bbox 1083 2922 1151 2954; x_wconf 82' lang='grc'><strong>140</strong></span> <span class='ocrx_word' id='word_1_521' title='bbox 1163 2930 1199 2954; x_wconf 90' lang='lat' dir='ltr'><strong>ss</strong></span> <span class='ocrx_word' id='word_1_522' title='bbox 1218 2918 1334 2965; x_wconf 89' lang='lat' dir='ltr'><strong>(idem</strong></span> <span class='ocrx_word' id='word_1_523' title='bbox 1347 2918 1496 2953; x_wconf 86' lang='lat' dir='ltr'><strong>brevius</strong></span> <span class='ocrx_word' id='word_1_524' title='bbox 1511 2927 1560 2962; x_wconf 88' lang='lat' dir='ltr'><strong>ap</strong></span> <span class='ocrx_word' id='word_1_525' title='bbox 1575 2916 1758 2952; x_wconf 87' lang='lat' dir='ltr'><strong>Daremb-</strong></span> 
     </span>
     <span class='ocr_line' id='line_1_55' title="bbox 169 2966 1757 3016; baseline -0.003 -12"><span class='ocrx_word' id='word_1_526' title='bbox 169 2967 297 3016; x_wconf 84' lang='lat' dir='ltr'><strong>Saglio</strong></span> <span class='ocrx_word' id='word_1_527' title='bbox 323 2979 341 3004; x_wconf 88' lang='lat' dir='ltr'><strong>s</strong></span> <span class='ocrx_word' id='word_1_528' title='bbox 361 2967 549 3013; x_wconf 76' lang='lat' dir='ltr'><strong>Olympia,</strong></span> <span class='ocrx_word' id='word_1_529' title='bbox 575 2967 739 3014; x_wconf 91' lang='lat' dir='ltr'><strong>exempli</strong></span> <span class='ocrx_word' id='word_1_530' title='bbox 759 2967 915 3003; x_wconf 90' lang='lat' dir='ltr'><strong>seorsim</strong></span> <span class='ocrx_word' id='word_1_531' title='bbox 934 2977 1026 3012; x_wconf 88' lang='lat' dir='ltr'><strong>expr</strong></span> <span class='ocrx_word' id='word_1_532' title='bbox 1045 2970 1090 3002; x_wconf 88' lang='grc'>64</span> <span class='ocrx_word' id='word_1_533' title='bbox 1101 2968 1152 3012; x_wconf 92' lang='lat' dir='ltr'><strong>ss)</strong></span> <span class='ocrx_word' id='word_1_534' title='bbox 1177 2966 1232 3002; x_wconf 88' lang='lat' dir='ltr'><strong>eis</strong></span> <span class='ocrx_word' id='word_1_535' title='bbox 1257 2966 1470 3002; x_wconf 89' lang='lat' dir='ltr'><strong>rationibus</strong></span> <span class='ocrx_word' id='word_1_536' title='bbox 1489 2975 1592 3010; x_wconf 89' lang='lat' dir='ltr'><strong>usus,</strong></span> <span class='ocrx_word' id='word_1_537' title='bbox 1611 2966 1655 3001; x_wconf 91' lang='lat' dir='ltr'><strong>ut</strong></span> <span class='ocrx_word' id='word_1_538' title='bbox 1674 2975 1757 3000; x_wconf 89' lang='lat' dir='ltr'><strong>cur·</strong></span> 
     </span>
    </p>
   </div>
   <div class='ocr_carea' id='block_1_7' title="bbox 1850 769 1934 803">
    <p class='ocr_par' dir='ltr' id='par_1_11' title="bbox 1850 769 1934 803">
     <span class='ocr_line' id='line_1_56' title="bbox 1850 769 1934 803; baseline 0 0"><span class='ocrx_word' id='word_1_539' title='bbox 1850 769 1934 803; x_wconf 48' lang='grc' dir='ltr'><strong>[Γ</strong></span> 
     </span>
    </p>
   </div>
  </div>
 </body>
</html>
