2014 3360
714 238 1086 276 PROLEGOMENA
1110 240 1163 276 IV
1665 241 1723 285 65

355 352 481 393 Hiero
520 349 713 404 βαειλεύε
753 353 909 404 audiret
945 367 971 394 v
998 355 1073 403 70,
1114 366 1283 406 regnum
1321 356 1456 394 autem
1493 355 1597 394 circa
1634 368 1723 395 eam

354 418 623 470 olympiadem
654 419 874 460 obtinuisse
903 419 1121 470 videretur,
1152 419 1217 459 oui
1246 419 1328 459 iam
1351 420 1452 472 pyth
1480 421 1534 460 28
1559 433 1722 472 respon·

353 484 483 535 deret,
520 485 741 526 certissima
774 486 1081 526 ratiocinatione
1111 498 1207 526 usus
1244 480 1404 541 (πάντῃ
1435 497 1483 527 τε
1514 485 1582 527 καὶ
1613 484 1720 527 πάν-

353 545 460 606 τως)
498 562 657 591 carmen
704 553 796 591 ante
841 551 1009 593 alteram
1045 552 1257 592 victoriam
1299 546 1420 607 (pyth
1451 553 1507 593 27
1544 547 1722 604 partam)

353 617 618 668 compositum
649 629 734 657 esse
763 630 880 669 posse
911 619 1087 671 negavit.
1150 617 1277 664 Quem
1315 618 1536 670 simplicem
1567 621 1720 659 senten-

352 683 502 723 tiarum
542 695 799 735 progressum
841 684 1054 735 impedivit
1092 697 1187 725 sane
1225 683 1343 724 homo
1379 698 1523 736 parum
1563 685 1723 738 elegans

353 749 533 789 oratione
559 749 657 790 satis
682 749 848 801 lubrica,
878 750 1055 802 primum
1078 750 1234 791 dicens:
1264 747 1506 791 καθίεταται
1532 747 1558 791 ὁ
1581 748 1724 801 Ἱέρων

354 814 547 866 βαειλεὺε
579 813 687 856 κατὰ
725 814 806 866 τὴν
836 811 905 866 ος’
938 813 1015 868 ὀλ.,
1056 815 1164 868 quod
1198 818 1251 871 τῇ
1283 810 1352 858 σε’
1383 811 1461 872 (sic
1490 817 1549 868 Ε,
1586 812 1651 858 κε’
1679 818 1726 868 V,

352 875 426 922 πε’
460 880 499 922 Θ
539 883 581 921 et
618 876 762 938 vulgo)
802 879 888 933 ὀλ.,
932 883 1085 923 scilicet
1117 883 1186 934 75,
1206 883 1232 922 3
1277 883 1431 923 factum
1472 895 1557 923 esse
1599 883 1730 930 tradit

353 947 464 988 schol
494 948 601 988 inser
630 947 664 987 P
688 948 728 999 Ι,
759 947 919 988 deinde:
950 950 1027 1000 τῆς
1051 944 1120 1000 κη’
1145 947 1355 990 πυθιάδοε
1382 950 1433 1004 τῇ
1465 948 1724 1002 προκειμένῃ

353 1007 389 1068 (i
413 1027 434 1054 e
459 1011 593 1067 ταύτῃ
618 1015 670 1068 τῇ
695 1009 787 1070 ος’)
806 1012 1037 1065 ὀλυμπιάδι
1062 1011 1304 1066 ευγχρόνου
1329 1011 1468 1067 οὔεηε,
1493 1017 1541 1056 ut
1564 1016 1725 1066 fuerint,

354 1076 514 1132 quibus'
535 1079 748 1132 pythiades
785 1082 827 1120 et
866 1080 1114 1133 olympiades
1146 1095 1170 1121 a
1200 1081 1367 1122 diversis
1405 1082 1520 1122 annis
1550 1082 1725 1134 incipere

353 1146 540 1199 ignorare
578 1146 801 1198 videretur3
844 1149 950 1187 tum:
992 1146 1072 1199 τὴν
1107 1145 1307 1198 ὕστερον,
1349 1151 1444 1200 post
1480 1148 1624 1189 allatas
1658 1143 1725 1199 κς’

356 1215 398 1253 et
427 1208 498 1264 κζ’,
530 1213 573 1252 in
603 1213 834 1265 parenthesi
864 1214 987 1254 etiam
1011 1208 1095 1265 κη’,
1121 1215 1168 1254 ut
1193 1215 1264 1254 aut
1288 1214 1518 1255 vicesimam
1543 1217 1726 1255 octavam

355 1280 427 1319 aut
458 1278 555 1319 adeo
586 1293 735 1320 nonam
766 1281 849 1330 aut,
884 1281 999 1331 quasi
1030 1293 1055 1319 a
1085 1282 1197 1321 sexta
1228 1292 1275 1320 ac
1304 1293 1385 1320 non
1417 1294 1441 1320 a
1471 1281 1643 1333 septima
1669 1281 1728 1322 -sit

354 1345 536 1397 profecta
572 1344 813 1397 disputatio,
850 1347 1064 1398 septimam
1094 1346 1327 1399 intellegere
1357 1348 1498 1399 possis.
1553 1347 1725 1387 Accura-

354 1411 437 1451 tius
468 1412 605 1456 tamen
634 1412 855 1464 inquirenti
885 1412 1051 1452 dubium
1082 1425 1166 1452 esse
1197 1425 1278 1452 non
1307 1415 1460 1465 potest,
1494 1414 1611 1465 quin,
1647 1414 1726 1453 nisi

353 1477 458 1518 forte
488 1478 659 1517 nimium
684 1479 926 1531 probaturus
958 1481 1045 1519 erat
1069 1479 1366 1532 grammaticus,
1396 1481 1489 1531 post
1513 1480 1726 1531 septimam

355 1546 397 1584 et
425 1544 657 1584 vicesimam
698 1557 856 1584 carmen
897 1546 1091 1596 scriptum
1131 1557 1215 1585 esse
1253 1545 1510 1585 contenderit.
1571 1546 1626 1585 Et
1653 1558 1723 1597 po-

354 1612 514 1662 stremo,
539 1623 589 1650 ne
616 1624 695 1662 qua
719 1611 1013 1662 relinqueretur
1036 1611 1248 1661 dubitatio,
1278 1612 1364 1663 ipse
1399 1610 1554 1651 addidit
1584 1612 1726 1663 opinor

352 1690 441 1718 eam
477 1689 519 1717 se
556 1675 686 1717 dicere
723 1676 978 1729 pythiadem,
1020 1690 1122 1729 quae
1159 1677 1382 1729 olympiadi
1416 1677 1469 1718 75
1502 1671 1632 1733 (478)
1662 1690 1723 1717 re·

354 1742 580 1795 sponderet.

475 1808 644 1850 Carmen
679 1810 807 1862 igitur
844 1810 1109 1862 compositum
1139 1822 1223 1850 esse
1259 1811 1419 1850 constat
1451 1812 1546 1862 post
1577 1823 1725 1849 annum

355 1876 461 1927 478;
491 1887 565 1916 nec
594 1876 727 1916 minus
758 1877 911 1917 certum
939 1878 1034 1928 post
1057 1875 1231 1916 Aetnam
1261 1876 1401 1916 urbem
1427 1877 1513 1916 476
1541 1878 1613 1916 aut
1636 1877 1722 1917 475

356 1941 558 1982 conditam
589 1936 812 1997 (Αἰτναῖον
835 1940 970 1984 ,ξένον
1003 1937 1099 1998 69),
1129 1943 1228 1982 i‘oem
1256 1944 1351 1994 post
1380 1941 1612 1994 hospitium,
1646 1954 1724 1993 quo

352 2019 449 2048 usus
480 2009 542 2048 est
570 2010 691 2059 poeta
724 2008 832 2060 apud
861 2009 1079 2049 Hieronem
1116 2009 1230 2048 annis
1262 2008 1318 2047 47
1323 2003 1391 2061 6s7
1397 2008 1443 2059 5,
1481 2010 1573 2048 ante
1611 2020 1724 2047 curu-

354 2073 434 2113 lem
464 2073 676 2114 victoriam
707 2074 876 2126 Delphis
905 2077 1066 2126 partam
1091 2075 1178 2115 470
1204 2068 1256 2129 (P
1280 2068 1334 2129 Ι),
1363 2073 1553 2115 redeunte
1584 2073 1724 2125 Pythi-

356 2150 493 2181 oarum
527 2138 740 2195 Phereniss‘
773 2135 902 2195 (ποτέ
936 2136 1014 2197 74)
1049 2141 1310 2181 victoriarum
1351 2133 1472 2194 (482.
1498 2134 1607 2195 478)
1643 2152 1723 2179 me-

353 2205 493 2255 moria,
523 2205 539 2244 i
570 2218 591 2245 e
624 2207 696 2246 aut
725 2208 813 2247 474
845 2200 907 2262 (ol
940 2208 1009 2258 76,
1029 2204 1075 2260 3)
1106 2209 1177 2247 aut
1207 2206 1296 2246 470
1327 2199 1387 2261 (01
1413 2207 1484 2256 77,
1504 2200 1562 2261 3).
1606 2205 1724 2245 Prius

228 2277 325 2310 474?
357 2270 541 2322 equidem
583 2272 774 2323 temporis
822 2275 1018 2324 punctum
1058 2273 1319 2325 praetulerim
1362 2284 1452 2312 cum
1493 2271 1633 2312 multis
1675 2271 1724 2311 de

353 2337 483 2377 causis
514 2330 577 2391 (et
601 2337 652 2376 ad
679 2337 712 2377 P
737 2338 779 2377 H
810 2340 852 2378 et
882 2339 934 2379 ad
963 2339 996 2379 P
1021 2339 1043 2379 I
1066 2332 1380 2394 pertinentibus)
1406 2351 1505 2390 quas
1530 2351 1724 2390 exponere

309 2429 317 2436 -
353 2404 526 2443 nonest
548 2402 668 2443 huius
692 2404 782 2454 loci,
812 2406 900 2444 tum
922 2407 1137 2457 propterea
1162 2404 1268 2457 quod
1290 2404 1554 2445 Pheronicum
1579 2417 1724 2456 equum

355 2469 547 2518 quattuor
578 2481 700 2520 quam
730 2471 820 2509 octo
852 2471 967 2511 annis
997 2473 1092 2522 post
1114 2471 1302 2515 ultimam
1326 2471 1536 2511 victoriam
1563 2469 1723 2510 Cin-hae

355 2535 515 2584 partam
545 2535 825 2574 comissatione
856 2529 955 2591 (73)
988 2537 1178 2577 celebrari
1208 2538 1295 2578 veri
1329 2537 1499 2578 similius
1530 2538 1601 2577 est.
1662 2534 1723 2574 De

353 2596 562 2638 Pheronici
600 2601 731 2639 aetate
763 2601 899 2640 confer
936 2614 1038 2652 quae
1076 2614 1198 2654 supra
1235 2603 1287 2643 ad
1322 2603 1430 2643 inser
1466 2601 1500 2643 O
1531 2602 1552 2642 1
1587 2601 1723 2652 dispu-

353 2664 540 2704 tavimus.
1462 2667 1465 2670 ”

142 2729 174 2768 Ρ
199 2728 269 2768 IV.
288 2728 327 2767 V
357 2725 612 2782 Ἀρκεειλάῳ
643 2724 707 2784 (Ε
728 2732 770 2770 et
793 2731 928 2783 vulgo,
954 2729 1067 2785 -είλᾳ
1095 2731 1243 2773 ΟΜ
1252 2734 1298 2786 V,
1323 2734 1430 2786 quod
1454 2734 1568 2775 edere
1594 2732 1724 2773 solent

354 2807 376 2834 o
405 2794 620 2846 Boeckhio,
650 2808 716 2835 om
745 2796 853 2836 inser
881 2792 962 2851 Ba)
995 2795 1217 2852 Κυρηναίῳ
1243 2794 1296 2853 (Ρ
1316 2799 1373 2839 V:
1403 2801 1468 2854 τῷ
1491 2797 1610 2853 αὐτῷ
1638 2796 1673 2838 0
1678 2797 1722 2848 V,

353 2861 416 2914 τῷ
447 2858 567 2915 αὐτῷ
597 2856 852 2915 Ἀρκεειλάῳ
884 2857 1077 2917 WEF)
1113 2859 1278 2913 ἅρματι.
1312 2884 1369 2892 ——
1401 2864 1614 2916 νικήεαντι
1644 2862 1723 2913 τὴν

254 2935 326 2968 462
358 2921 425 2968 λα’
463 2929 560 2968 πυθ.
604 2927 858 2967 consentiunt
899 2927 1025 2968 scholl
1067 2928 1175 2968 inser
1211 2922 1459 2985 (BGDEV)
1501 2929 1535 2969 P
1572 2929 1642 2970 IV.
1672 2928 1721 2968 V.

295 3001 297 3003 ’
357 2992 427 3032 VI.
488 2992 740 3044 Olympicam
769 2994 999 3044 victoriam,
1038 2993 1087 3033 de
1119 3007 1198 3045 qua
1229 2995 1434 3046 cogitabat
1462 3007 1531 3034 rex
1561 2995 1721 3035 favente

213 3066 324 3095 Poetae
343 3068 401 3102 lyr.
410 3068 527 3099 maea‘·
550 3066 603 3094 1.1.
623 3067 669 3094 ed.
689 3066 913 3095 Sohroeder.
1411 3063 1433 3097 5
