2014 3360
871 193 876 197 “
889 193 1115 231 PAEANES
1270 232 1272 236 ,
1697 194 1787 238 405

207 304 242 341 Π
262 307 318 350 15,
338 307 361 340 6
389 302 611 351 (περιθέουςι
636 303 677 340 δὲ
702 303 820 340 αὐτὸν
861 295 1063 351 Glaucum]
1089 303 1149 339 καί
1173 303 1352 340 ἀλκυόνες
1377 330 1385 340 .
1406 331 1414 339 .
1435 331 1444 339 .
1464 304 1617 350 ᾄδουςαι
1640 272 1689 340 §a
1706 306 1786 339 τῶν

206 351 433 399 ἀνθρώπων)
457 350 533 387 hue
557 351 670 387 vocat·
691 349 827 387 Schnei
856 361 897 386 er
920 349 1084 398 fragmm
1107 362 1134 397 p
1154 353 1211 388 ³9.

899 496 958 540 63
989 493 1088 554 (35)

326 590 440 628 schol
457 589 509 627 M
529 590 702 637 Lyeophr
726 590 822 627 Alex
846 591 933 626 440:
966 589 1172 635 Δήραινος·
1202 590 1320 627 τόπος
1348 590 1451 627 οὕτω
1482 587 1711 635 καλούμενος
1741 590 1782 627 ἐν

206 640 409 686 Ἀβδήροις,
435 640 525 676 ἔνθα
537 638 771 684 Δηραίνου
792 638 1072 674 Ἀπόλλωνος
1096 638 1221 682 ἱερόν
1252 639 1366 684 ἐςτιν,
1397 638 1443 674 οῦ
1469 640 1693 683 μνημονεύει
1719 639 1781 682 καί

203 687 394 734 Πίνδαρος
418 688 459 724 ἐν
482 690 639 724 παιᾱςιν.
684 685 734 722 cf
753 685 789 721 fr
813 688 884 721 316
909 686 949 721 et
973 683 1126 721 Tzetzes
1151 684 1253 729 adh
1278 685 1303 721 1.

897 843 967 887 64.
998 828 1090 886 *6'5

773 960 1004 1007 ΝΙΟΒΗΣ
1033 960 1220 1005 ΓΑΜΟΙ

321 1073 382 1119 (64
407 1071 502 1120 [36])
526 1069 682 1107 Ps-Plut
706 1069 754 1106 de
777 1080 861 1106 mus
889 1071 934 1105 15
958 1069 1099 1115 (1136):
1138 1069 1330 1113 Ὄλυμπον
1354 1071 1509 1113 πρῶτον
1533 1067 1786 1114 Ἀριστόξενος

201 1121 243 1157 έν
266 1124 323 1168 τῷ
347 1121 490 1166 πρώτῳ
525 1120 610 1165 περὶ
647 1121 821 1163 μουςικῆς
857 1118 917 1154 ἐπὶ
952 1121 1008 1164 τῷ
1042 1115 1199 1154 Πύθωνί
1230 1127 1342 1162 φηςιν
1379 1116 1592 1162 ἐπικήδειον
1628 1117 1783 1161 αὐλήςαι

200 1169 350 1206 λυδιςτί.
376 1167 440 1205 είςὶ
466 1168 500 1204 δ’
524 1166 561 1203 οἳ
579 1167 786 1203 Ἀντιππον
811 1165 1111 1213 (Μελανιππίδην
1131 1163 1243 1211 codd)
1261 1164 1401 1200 τούτου
1420 1167 1491 1200 τοῦ
1517 1164 1653 1208 μέλους
1676 1164 1783 1209 ἄρξαι

201 1216 301 1262 φαςί.
334 1215 527 1261 Πίνδαρος
550 1216 585 1252 δ’
603 1215 644 1251 ἑν
667 1217 814 1251 παιᾶςιν
839 1214 911 1250 ἐπὶ
934 1217 1032 1250 τοῖς
1057 1213 1223 1257 Νιόβης
1252 1211 1414 1255 γάμοις
1443 1213 1534 1256 φηςὶ
1565 1212 1693 1248 λύδιον
1718 1212 1783 1256 ἁρ-

201 1264 334 1308 μονίαν
356 1266 511 1309 πρῶτον
536 1264 766 1307 διδαχθῆναι.
802 1260 893 1298 Post
918 1262 1135 1305 διδαχθῆναι
1155 1270 1176 1296 e
1193 1258 1369 1307 Vulgatii
1386 1257 1702 1305 interpretatione
1720 1260 1784 1295 ὑπ’

202 1311 404 1349 Ἀνθίππου
429 1310 662 1357 (Ἀντίππου)
687 1309 723 1345 οΙ
747 1308 831 1345 Poll
854 1308 908 1345 IV
927 1311 972 1345 78
998 1308 1075 1344 add
1099 1307 1254 1345 Burette
1279 1309 1319 1344 et
1342 1305 1506 1352 Boeekh‚
1532 1317 1607 1353 quo
1632 1306 1783 1343 addita-

200 1361 328 1397 mento
363 1358 464 1395 male
501 1358 654 1405 recepto
690 1357 853 1404 pessime
890 1358 932 1393 ὲν
968 1360 1115 1393 παιᾶςιν
1151 1357 1211 1393 ἐπὶ
1242 1355 1285 1392 ‘rs
1302 1366 1336 1399 γ.
1363 1355 1525 1403 iungens
1562 1365 1678 1402 supra
1739 1366 1783 1391 ro

199 1406 708 1491 ffehssiffilssgelffffippum
743 1406 846 1442 reete
882 1404 1059 1450 inseruit3
1098 1403 1211 1442 alitor
1246 1403 1357 1439 illum
1392 1403 1519 1440 locum
1556 1402 1715 1449 expedio
1742 1403 1784 1438 at

232 1466 273 1491 er
561 1457 642 1490 593.

273 1468 299 1503 g
320 1502 406 1549 *(65
431 1502 527 1550 [37])
551 1501 613 1538 Ad
638 1501 800 1538 eundem
817 1511 1004 1548 paeanem
1021 1499 1175 1537 Boeokh
1193 1498 1384 1536 revocavit
1402 1498 1474 1535 Ael
1492 1511 1515 1534 v
1532 1498 1612 1536 hist
1628 1498 1698 1534 ΧΠ
1717 1502 1780 1535 36:

199 1552 308 1597 (ὑπὲρ
331 1554 402 1588 τοί)
428 1552 587 1595 ἀριθμοῦ
612 1552 691 1586 τῶν
714 1553 784 1594 τῆς
809 1550 945 1595 Νιόβης
967 1549 1128 1596 παίδων)
1153 1549 1320 1593 Ὅμηρος
1345 1548 1411 1592 μὲν
1437 1548 1475 1584 ἓξ
1499 1547 1598 1591 λέγει
1623 1547 1782 1592 ἄρρενας

200 1600 260 1635 καὶ
284 1599 468 1635 τοςαύτας
491 1599 605 1644 κόρας
629 1597 673 1644 (Ω
694 1598 791 1680 δοῖἒ,
815 1597 933 1634 Λᾶςος
956 1598 998 1633 δὲ
1022 1598 1079 1634 δὶς
1103 1596 1198 1633 ἑπτὰ
1222 1596 1320 1639 λέγει
1346 1595 1454 1643 (item
1477 1594 1537 1631 bis
1563 1595 1739 1642 septenos
1760 1605 1782 1631 ο

199 1647 313 1694 tragg
331 1645 512 1692 Aristoph
538 1656 600 1682 seo
624 1644 729 1681 schol
780 1656 826 1681 ur
842 1644 973 1681 Phoen
994 1645 1095 1692 159),
1122 1643 1286 1681 Ὴςίοδος
1311 1644 1352 1680 δὲ
1376 1643 1486 1680 ἑννέα
1510 1645 1572 1680 καί
1596 1643 1687 1680 δέκα
1712 1670 1720 1678 .
1741 1671 1750 1680 .
1771 1669 1780 1678 .

200 1694 274 1741 (bis
299 1695 416 1731 denos
441 1704 504 1730 seo
527 1692 693 1740 Apollod
716 1692 770 1728 ΠΙ
787 1696 835 1728 45
854 1692 929 1740 W).
981 1692 1140 1738 Ἀλκμὰν
1171 1691 1260 1728 δέκα
1292 1690 1400 1737 φηςί,
1425 1690 1641 1737 Μίμνερμος
1669 1690 1783 1728 εἴκοςι

200 1744 260 1779 καί
283 1742 474 1787 Πίνδαρος
496 1742 700 1779 τοςούτους
724 1740 831 1788 (item
854 1739 915 1777 bis
941 1740 1058 1777 denos
1082 1739 1257 1777 Xanthus
1280 1737 1410 1785 Lydus
1434 1739 1477 1776 ὲκ
1500 1739 1686 1777 Φιλόπου
1709 1742 1780 1775 τοο

199 1790 399 1838 Ἀςςυρίου,
425 1790 467 1826 ὃς
491 1791 580 1836 ᾤκει
605 1789 646 1825 ἐν
671 1789 829 1836 Ειπύλψ,
855 1789 898 1825 ὃς
922 1789 1087 1835 ἀνῃρέθη
1113 1789 1155 1825 έν
1180 1786 1384 1870 κυνηγεΐςέἓι
1409 1787 1485 1823 ὑπὸ
1510 1788 1650 1832 ἄρκτου
1676 1785 1782 1823 schol

198 1838 276 1874 Eur
300 1837 430 1873 Phoen
457 1840 543 1883 159,
572 1836 675 1872 unde
706 1835 824 1873 etiam
847 1835 1023 1872 Alcmani
1047 1835 1163 1885 (δὶς)
1197 1836 1287 1872 δέκα
1380 1833 1475 1882 das).
1526 1834 1697 1882 ‘Sappho
1720 1834 1780 1871 bis

199 1895 373 1930 novenos,
399 1883 649 1931 Bacchylides
674 1885 715 1920 et
737 1883 924 1920 Pindarus
948 1883 1009 1920 bis
1035 1883 1166 1920 denos'
1193 1882 1304 1919 addit
1328 1881 1413 1918 Gell
1443 1883 1551 1920 noctt
1576 1883 1635 1920 att
1656 1882 1727 1918 XX
1746 1886 1778 1920 7.

198 1933 260 1970 Ad
285 1932 450 1969 ‘Niobae
480 1931 649 1978 nuptias’
681 1931 871 1978 pertinere
903 1931 1037 1978 opinor
1067 1941 1166 1977 quae
1196 1930 1317 1967 tradit
1343 1929 1498 1977 ‚Servius
1522 1930 1625 1978 Vei-g
1655 1930 1782 1977 Georg

197 1982 279 2018 131
317 1982 378 2027 (==
401 1980 527 2027 fragm
551 1979 671 2026 9135:
712 1980 898 2027 ‘yenerwm
935 1990 1020 2015 vero
1053 1989 1126 2025 pro
1161 1979 1296 2015 mrito
1325 1978 1492 2024 positum
1526 1977 1640 2015 multi
1680 1978 1780 2015 aoei-

198 2029 324 2077 piunt’
351 2027 520 2076 (affertur
545 2026 674 2074 Sapph
701 2030 769 2063 105
789 2026 870 2073 B⁴);
898 2027 968 2063 ‘sic
992 2027 1032 2063 et
1056 2026 1248 2065 Pindarus,
1273 2027 1315 2062 ἑν
1338 2030 1419 2062 τοῖς
1441 2030 1588 2063 παιᾶςιν
1622 2027 1676 2073 (ἐν
1700 2031 1780 2063 τοῖς

199 2077 361 2123 Ἰςθμίοις
382 2075 564 2123 legebant
588 2085 609 2111 e
628 2074 714 2111 coni
732 2074 837 2112 Petri
854 2073 1025 2111 Danielis
1042 2071 1351 2120 Lemovioensis);
1375 2077 1486 2118 γαμεῖ
1511 2075 1553 2111 δὲ
1577 2075 1614 2121 (e
1632 2073 1779 2111 duobus

199 2126 366 2172 Antiopa
390 2123 509 2170 Asopi
544 2122 776 2169 alienatis)
812 2123 937 2167 Ζῆθος
973 2123 1040 2167 μὲν
1065 2122 1193 2168 Θήβην
1218 2149 1228 2159 .
1249 2149 1258 2158 .
1279 2149 1306 2167 .,
1341 2121 1541 2167 Ἀμφίων
1572 2123 1614 2159 δὲ
1639 2123 1778 2168 Νιόβην

198 2177 270 2221 τὴν
292 2173 486 2212 Ταντάλου
511 2169 676 2218 Aponod
697 2169 751 2206 111
768 2172 814 2206 45
833 2169 895 2207 W.

893 2327 951 2370 66
983 2323 1081 2384 (38)

320 2425 481 2462 Ammon
507 2422 578 2472 diff
600 2421 689 2457 affin
715 2431 804 2457 voco
827 2432 854 2467 p
875 2423 920 2456 70
945 2418 1081 2467 (Valok
1107 2420 1230 2466 1⁷39):
1269 2419 1425 2464 Θηβαῖοι
1455 2421 1517 2455 καὶ
1551 2421 1778 2466 Θηβαγενεῑ(

200 2475 450 2521 διαφέρουςιν,
475 2471 599 2509 καθὼς
623 2469 789 2515 Δίδυμος
812 2469 853 2505 ἐν
877 2468 1115 2513 ὑπομνήματι
1138 2471 1195 2514 τῷ
1219 2467 1363 2513 πρώτῳ
1386 2468 1467 2503 τῶν
1489 2467 1662 2505 παιάνων
1685 2470 1775 2506 Πιν-

200 2522 318 2569 δάρου
343 2520 472 2568 φηςίν·
498 2540 546 2547 -
569 2520 630 2556 καὶ
665 2518 734 2555 τὸν
769 2516 929 2563 τρίποδα
966 2516 1041 2552 ἀπὸ
1069 2515 1210 2551 τούτου
1241 2514 1469 2559 Θηβαγενεῑς
1495 2515 1678 2560 πέμπουςι
1706 2517 1777 2553 τὸν

199 2571 356 2615 χρυςέον
381 2569 434 2606 είς
458 2567 618 2614 Ἰςμηνὸν
642 2567 669 2611 †
690 2568 855 2611 πρῶτον.
953 2563 1005 2599 εἰς
1027 2563 1073 2599 τὸ
1100 2562 1275 2607 Ἰςμήνιον
1307 2560 1385 2597 sivo
1416 2560 1467 2598 εἰς
1491 2562 1669 2608 Ἰεμηνίου
1695 2574 1778 2601 oon·

200 2617 449 2662 Valckenaer‚
470 2615 522 2653 εἰς
544 2616 590 2653 τὸ
616 2613 790 2659 Ἰςμηνίου
817 2612 917 2658 ἱερὸν
942 2609 1035 2647 Gisb
1059 2609 1167 2646 Koen
1191 2608 1291 2656 Greg
1316 2606 1388 2645 Cor
1410 2611 1494 2654 475,
1519 2609 1572 2646 εἰς
1596 2610 1776 2657 Ἰςμηνίου

199 2668 329 2713 ἡρῷον
346 2664 458 2701 Mam·
477 2663 648 2700 Schmidt
666 2661 804 2708 Didym
828 2671 855 2707 p
874 2663 943 2696 239
969 2657 1091 2695 verbis
1116 2657 1173 2694 ita
1197 2655 1451 2703 transpositis,
1475 2657 1520 2693 ut
1546 2657 1709 2703 Ἐφόρου
1734 2659 1776 2696 ἐν

199 2718 247 2760 τῇ
285 2714 443 2760 δευτέρᾳ
530 2712 607 2749 tius
643 2720 759 2756 quam
788 2707 942 2754 Didymi
979 2716 1061 2742 esse
1097 2703 1330 2750 videi-entim
1367 2705 1482 2750 atque
1518 2704 1592 2741 hoo
1621 2705 1776 2751 quidem

199 2761 326 2808 ipsum
348 2761 394 2796 ut
410 2723 564 2807 prognati
582 2758 715 2806 possit,
732 2759 977 2804 transponere
995 2753 1120 2799 verba,
1138 2752 1213 2789 nisi
1230 2752 1329 2789 illud
1351 2753 1589 2806 ἀπὸπούτου
1615 2752 1776 2790 habebit

201 2819 277 2855 quo
301 2808 498 2853 referatur,
522 2807 620 2844 nihil
645 2805 794 2843 attinet.
843 2804 1017 2842 Ceterum
1041 2801 1322 2847 Θηβαιγενής
1350 2799 1517 2835 Hesiodo
1548 2799 1650 2845 (theo
1703 2804 1774 2837 530

201 2867 222 2892 ο
264 2856 370 2893 schol
413 2854 516 2902 Soph
557 2854 680 2890 Traoh
716 2855 799 2900 116)
842 2854 881 2890 et
921 2849 1095 2897 Euripidi
1137 2847 1263 2896 (suppl
1295 2851 1364 2884 136
1401 2858 1422 2884 o
1457 2846 1569 2894 codd)
1605 2857 1645 2883 re
1674 2848 1775 2885 didit

175 2920 178 2923 >
205 2902 438 2940 Valckenaer
456 2903 599 2939 animm
617 2902 668 2938 ad
685 2901 846 2937 Ammon
865 2903 923 2947 98,
944 2899 1102 2936 eandem
1119 2896 1279 2934 formam
1291 2897 1344 2945 (et
1358 2895 1533 2941 Ἱςμηνίου
1553 2893 1587 2931 si
1605 2895 1772 2943 quando)

200 2949 366 2988 Pindaro
389 2950 622 2987 reddendam
645 2959 726 2987 esse
749 2950 870 2997 patet.
