2014 3360
771 226 1144 265 PROLEGOMENA
1168 226 1202 262 Π
1722 225 1774 267 ll

958 442 1002 482 Π

237 599 239 601 ¹
327 533 1078 582 OBSERVATIVNOVLAE
1111 531 1648 580 GRAMMATIOAE

315 670 546 712 Oarminum
562 670 867 711 Pindaricorum
892 683 981 710 eam
1004 671 1189 721 formam,
1214 683 1295 722 qua
1320 683 1344 710 a
1368 670 1489 722 poeta
1510 669 1600 721 ipso
1619 667 1782 720 scripta,

193 752 219 779 a
250 738 448 779 choreutis
477 738 650 788 cantata,
681 750 706 777 a
730 736 956 789 legentibus
982 736 1080 776 olim
1101 736 1271 776 recitata
1298 747 1382 776 esse
1406 734 1632 785 videantur,
1662 733 1782 787 plane

191 804 237 845 in
265 804 469 857 integrum
491 803 701 844 restituere
726 815 809 843 non
831 804 918 842 tam
941 803 1108 854 propter
1130 801 1388 842 librariorum
1413 800 1637 841 socordiam
1662 812 1783 851 quam

192 871 375 912 veterum
405 866 758 923 grammaticorum
787 868 954 921 propter
984 881 1148 920 operam
1182 868 1224 908 et
1254 867 1473 908 salutarem
1510 868 1552 906 et
1587 866 1782 919 pernicio-

194 949 280 977 sam
322 927 589 989 prohibemur,
631 935 941 989 prohibebimur.
1004 933 1084 974 Sed
1122 935 1169 974 ut
1209 946 1312 985 quae
1353 933 1458 974 effici
1497 932 1660 974 omnino
1702 943 1784 972 non

193 1004 362 1056 possunt
392 1015 439 1043 ea
468 1002 572 1043 velle
604 1003 644 1042 et
673 1001 766 1042 ficta
799 1000 1041 1054 cogitatione
1072 1013 1146 1053 pro
1176 1000 1283 1040 veris
1312 999 1521 1040 venditare
1545 999 1672 1051 probo
1696 997 1784 1039 viro

193 1068 417 1121 indignum,
446 1068 506 1108 ita
537 1067 589 1108 ad
618 1080 666 1108 ea
697 1081 799 1120 quae
829 1067 987 1107 ratione
1017 1068 1058 1107 et
1087 1066 1156 1107 via
1187 1065 1273 1106 erui
1297 1066 1466 1118 possunt
1490 1077 1581 1105 cum
1606 1064 1785 1105 omnium

194 1135 343 1182 virium
374 1135 627 1175 contentione
659 1133 834 1174 eruenda
864 1145 906 1174 se
937 1133 1166 1186 succingere
1197 1132 1311 1172 decet
1340 1131 1579 1184 philologos.

314 1200 449 1253 Igitur
485 1213 534 1241 ex
573 1213 652 1252 quo
691 1201 871 1252 tempore
909 1199 1038 1239 critici
1073 1198 1290 1251 Byzantini
1325 1198 1546 1238 metrorum
1583 1195 1785 1248 quandam

196 1267 524 1319 aequabilitatem
554 1279 627 1319 per
657 1264 793 1307 omnes
819 1266 1041 1307 carminum
1065 1264 1249 1322 strophas
1276 1266 1436 1304 strenue
1462 1263 1672 1303 observare
1699 1275 1784 1302 coe-

195 1335 353 1386 perunt,
383 1333 573 1386 vulgatae
603 1333 788 1373 lectionis
819 1333 1109 1373 correctionum
1140 1331 1255 1383 copia
1287 1330 1402 1381 quasi
1433 1328 1558 1370 effusa
1584 1329 1656 1379 est,
1688 1341 1785 1380 qua-

194 1413 286 1439 rum
322 1400 479 1451 partem
514 1399 700 1439 licentiae
738 1398 945 1450 cuiusdam
981 1398 1137 1451 legibus
1175 1396 1345 1450 cognitis
1381 1395 1526 1435 merito
1562 1395 1786 1435 reiecerunt

196 1465 357 1505 Boeckh
394 1466 435 1506 et
465 1465 527 1517 Ty
556 1465 797 1516 Mommsent,
841 1477 940 1516 quos
978 1464 1026 1504 de
1064 1464 1217 1517 primae
1254 1461 1510 1515 stropharum
1540 1460 1784 1513 dactyloepi-

195 1532 424 1572 triticamm
464 1531 607 1571 triadis
651 1531 838 1582 aequiore
887 1530 1061 1582 quadam
1109 1524 1339 1570 condicione
1382 1527 1474 1568 vide
1522 1526 1787 1579 disputantes,

197 1597 315 1637 illum
344 1597 392 1638 de
423 1599 527 1637 metr
555 1596 661 1637 Pind
692 1591 745 1652 (Ι,
778 1591 824 1653 2)
858 1597 957 1647 282,
992 1597 1037 1636 111
1069 1596 1167 1637 Schr
1196 1595 1235 1634 V
1265 1596 1362 1636 344.
1396 1594 1496 1644 354,
1530 1593 1637 1633 hunc
1667 1592 1788 1645 suppl

200 1664 268 1704 68.
302 1665 370 1704 69.
403 1664 472 1703 95.
506 1664 605 1714 102,
640 1677 670 1703 n
694 1676 742 1704 cr
773 1663 824 1703 ad
854 1663 895 1703 N
918 1663 957 1702 V
983 1664 1028 1714 63
1071 1662 1290 1714 dactylicos
1323 1675 1351 1712 q
1385 1674 1413 1701 v
1450 1659 1608 1700 ordines
1644 1658 1787 1699 mediis

198 1730 243 1769 in
272 1729 452 1777 versibus
468 1729 528 1771 ,in
555 1728 790 1769 trochaeum
820 1730 1008 1770 exeuntes
1041 1741 1177 1770 omnes
1200 1740 1288 1768 -uno
1322 1728 1367 1767 in
1403 1726 1616 1778 conspectu
1652 1724 1790 1777 posuit

198 1795 362 1835 Heimer
405 1794 524 1835 studd
566 1794 600 1834 P
634 1795 732 1835 139.
800 1793 930 1842 Quam
973 1795 1141 1835 eandem
1182 1795 1387 1835 licentiam
1429 1792 1571 1833 ceteris
1614 1790 1789 1844 strophis

200 1860 299 1901 adeo
342 1859 613 1913 derogandam
652 1873 760 1911 esse,
807 1863 855 1901 ut
897 1862 933 1902 si
975 1874 1054 1913 qua
1103 1863 1264 1913 praeter
1306 1859 1532 1913 exemplum
1572 1859 1616 1898 in
1658 1858 1789 1911 primo

200 1921 417 1978 systemate
449 1926 702 1979 propositum
736 1927 942 1979 superbire
972 1927 1204 1968 viderentur
1235 1927 1410 1979 exceptis
1440 1914 1667 1966 nominibus
1698 1935 1789 1977 pro-

199 1992 299 2045 priis
347 1991 507 2032 fortiter
557 1993 689 2032 essent
736 1992 967 2044 recidenda,
1016 1993 1186 2045 probare
1235 1992 1391 2033 studuit
1438 1991 1511 2032 Fel
1552 1989 1664 2043 Vogt
1708 1989 1790 2030 diss

200 2058 424 2111 Argentorr
459 2057 519 2096 IV
552 2058 636 2097 295
664 2069 722 2098 ss:
765 2053 991 2113 ἀελπ(τ)ίᾳ
1031 2053 1126 2112 (hoc
1167 2058 1328 2109 quidem
1366 2058 1446 2098 alia
1483 2058 1532 2099 de
1569 2069 1689 2098 causa
1725 2068 1789 2097 su·

202 2118 402 2180 spectum)
432 2122 465 2163 P
496 2122 577 2163 ΧΠ
610 2124 685 2173 31,
724 2119 935 2173 μάρναται
971 2124 1012 2163 N
1042 2123 1081 2162 V
1112 2125 1183 2173 47,
1218 2121 1307 2164 ἐντί
1338 2124 1397 2164 IX
1429 2124 1506 2174 32,
1542 2119 1749 2173 πορθμόν
1769 2121 1791 2162 1

201 2189 386 2231 111÷1V
418 2190 492 2240 753
535 2188 891 2242 intacta‘propter
927 2202 1072 2229 nomen
1109 2189 1319 2242 proprium
1355 2190 1591 2231 antecedens
1627 2188 1794 2241 reliquit

202 2253 376 2308 Ἰετρίαν
406 2255 474 2296 νῖν
511 2254 545 2296 O
576 2255 641 2294 111
673 2256 748 2306 26,
792 2254 931 2295 eadem
966 2255 1137 2295 fortasse
1172 2255 1220 2295 de
1252 2267 1372 2296 causa
1404 2257 1541 2297 omisit
1571 2252 1794 2307 Φυλακίδᾳ

202 2317 287 2374 γᾶρ
318 2323 340 2362 Ι
369 2322 430 2362 VI
461 2317 536 2373 573
567 2321 737 2373 denique
769 2316 910 2370 ἔμπαν
940 2320 981 2360 N
1010 2321 1048 2360 X
1080 2321 1136 2360 82
1168 2321 1358 2373 neglexit,
1389 2322 1506 2373 quasi
1536 2321 1794 2374 spondaicam

204 2388 383 2430 adverbii
412 2400 640 2428 mensuram
670 2387 920 2440 exploratam
948 2386 1124 2427 haberet.
1181 2385 1333 2433 Quibus
1363 2387 1463 2427 locis
1492 2387 1680 2428 accedent
1711 2386 1795 2437 alii,

204 2456 240 2496 si
282 2469 306 2495 a
342 2454 596 2495 Boeckhiana
639 2465 779 2495 versus
819 2453 1053 2493 certioribus
1097 2452 1306 2493 divisionis
1349 2453 1475 2505 signis
1519 2453 1793 2494 deficientibus

205 2521 422 2561 secundum
470 2521 662 2561 orationis
711 2520 838 2560 incisa
885 2518 1135 2571 dispescendi
1181 2518 1339 2558 ratione
1388 2518 1635 2570 discesseris,
1682 2518 1795 2559 velut

206 2585 239 2627 Ο
270 2586 372 2626 xm
404 2588 472 2627 99.
533 2586 680 2639 Ingens
712 2599 850 2626 eorum
879 2585 1058 2625 locorum
1094 2595 1283 2624 numerus
1324 2584 1402 2634 est,
1441 2584 1590 2635 *quibus
1628 2583 1796 2637 spondei

205 2652 365 2693 litterae
407 2653 672 2706 paragogicae
712 2652 907 2692 debentur
945 2665 968 2691 a
1004 2651 1119 2691 nobis
1156 2650 1316 2690 demum
1353 2649 1542 2689 adiectae.
1607 2649 1794 2690 Conside-

205 2719 305 2759 ratis
336 2732 431 2759 vero
462 2721 502 2759 et
533 2732 635 2771 quae
667 2718 715 2758 de
746 2718 992 2770 tragioomm
1021 2729 1097 2757 usu
1134 2715 1334 2769 congessit
1364 2714 1528 2755 Ellendt
1564 2714 1629 2755 lex
1661 2710 1796 2770 Soph²

207 2785 296 2824 480
328 2786 368 2824 et
399 2798 509 2836 quae
533 2785 581 2825 de
618 2785 874 2825 librariorum
911 2784 955 2824 in
991 2783 1154 2824 vocibus
1196 2782 1353 2829 ξεῖνος,
1394 2780 1554 2831 μοῦνος
1596 2780 1652 2819 all
1692 2781 1796 2832 epici

207 2849 404 2890 sermonis
437 2851 570 2891 studio
606 2849 905 2892 observavimus
939 2864 968 2902 p
1001 2851 1046 2901 9,
1084 2849 1176 2890 vide
1211 2861 1262 2888 ne
1299 2846 1400 2887 alias
1437 2846 1561 2886 etiam
1597 2846 1794 2898 exceptio-

207 2926 278 2954 nes
308 2915 540 2956 statuendas
578 2928 663 2957 esse
700 2915 911 2957 concedas.
900 2927 1314 2946 ————————
1348 2911 1383 2952 P
1413 2911 1474 2952 IV
1505 2912 1560 2952 9⁷
1606 2906 1664 2966 (ὦ
1704 2907 1797 2951 ξέν’

210 2974 386 3036 omnes),
424 2980 480 3021 30
522 2976 681 3035 (ξένοις
712 2993 849 3023 omnes
880 2983 1039 3034 praeter
1069 2975 1142 3036 B).
1175 2981 1273 3020 233.
1308 2979 1407 3030 293,
1437 2978 1495 3018 IX
1528 2978 1582 3018 27
1615 2971 1672 3032 (cl
1707 2972 1795 3033 10).
