2014 3360
707 200 1082 239 PROLEGOMENA
1104 200 1157 236 m
1666 196 1727 241 49

135 317 235 359 dicit
271 316 461 358 archonte
491 316 662 358 Athenis
695 315 855 357 Simone
893 315 934 356 ol
965 316 1037 366 47,
1062 315 1090 355 3
1120 313 1188 355 vel
1217 313 1258 354 ol
1286 314 1358 364 47,
1384 314 1410 353 2
1441 307 1593 362 ἀγῶνα
1623 322 1726 363 χρη-

135 381 315 436 ματίτην
344 384 616 424 instauratum
646 394 743 434 esse,
771 383 913 434 postea
943 380 1133 421 archonte
1157 379 1351 420 Damasia
1376 374 1623 433 (Δαμαείου
1646 377 1727 418 τοῦ

135 445 364 504 δευτέρου)
403 449 443 489 ol
474 450 546 500 49,
578 450 604 489 3
643 445 904 499 στεφανίτην
941 443 1092 496 ἀγῶνα
1128 446 1364 486 institutum
1399 457 1506 485 esse:
1549 443 1599 484 ab
1634 445 1727 484 utro

136 516 353 557 certamine
389 514 604 567 pythiades
635 513 927 566 computandae
958 514 1058 564 sint,
1097 525 1180 563 non
1210 511 1334 552 addit.
1399 509 1548 552 Contra
1577 510 1728 550 Pausa·

136 582 224 622 nias
255 575 313 637 (X
346 583 385 633 7,
417 576 464 637 3)
501 580 602 622 dicit
638 581 679 622 ol
709 581 782 632 48,
813 582 839 620 3
877 581 1054 632 primum
1090 576 1243 628 ἀγῶνα
1274 574 1548 629 χρηματίτην,
1585 575 1728 616 deinde

136 647 398 699 quadriennio
428 649 522 699 post
552 644 812 699 ετεφανίτην
844 648 979 686 actum
1009 658 1107 696 esse,
1137 646 1179 684 et
1209 644 1259 684 ab
1297 644 1338 684 ol
1368 643 1440 694 48,
1472 643 1498 683 3
1535 643 1619 683 iam
1654 655 1728 694 py-

136 713 296 754 thiadas
327 716 545 765 computat.
609 713 857 754 Scholiastae
888 712 1058 764 denique
1088 710 1256 750 Pindari
1292 722 1395 762 quae
1426 708 1475 749 de
1506 709 1730 762 originibus

137 779 390 820 solennitatis
420 780 638 821 memoriae
668 778 950 831 prodiderunt,
985 779 1070 818 fere
1101 776 1355 818 consenfiunt
1391 788 1482 816 cum
1518 775 1730 815 annalibus

136 845 285 897 Pariis,
333 859 429 886 nam
471 843 733 897 χρηματίτην
776 842 929 895 ἀγῶνα
975 843 1142 884 tradunt
1185 842 1373 883 archonte
1418 841 1622 882 Simonide
1664 841 1730 881 vel

140 910 316 962 Simone,
346 924 415 951 sex
442 905 527 967 (vel
552 912 677 952 etiam
698 906 903 967 pluribus)
935 912 1051 952 annis
1073 912 1168 962 post
1190 909 1424 950 institutum
1448 921 1547 960 esse,
1572 918 1730 958 ετεφα-

139 975 262 1038 νίτην
293 977 482 1018 archonte
513 973 774 1034 Damasia*):
817 978 997 1031 singulas
1028 978 1164 1017 autem
1198 974 1415 1028 pythiadas
1445 974 1605 1027 quando
1640 986 1732 1014 cum

139 1043 436 1095 olympiadibus
467 1046 732 1096 componunt,
768 1043 981 1085 ordiuntur
1012 1043 1061 1083 ab
1099 1043 1140 1083 ol
1170 1043 1242 1093 49,
1273 1043 1314 1093 3,
1354 1042 1424 1093 qui
1460 1053 1588 1081 annus
1623 1039 1733 1080 haud

139 1110 261 1169 dubie.
283 1111 346 1150 est
367 1109 583 1150 Damasiae
609 1104 837 1166 arlchontis,
868 1123 947 1162 quo
979 1123 1085 1150 anno
1114 1110 1291 1161 primum
1321 1104 1577 1158 ετεφανίτηε
1608 1103 1730 1156 ἀγών
1748 1111 1900 1146 norw»
1913 1112 1949 1140 ιο

140 1177 252 1216 actm
283 1178 355 1216 est.
410 1175 499 1216 Iam
522 1171 757 1232 Boeckh**)
787 1178 860 1216 uni
883 1175 1108 1216 Pausaniae
1138 1175 1259 1215 fidem
1282 1173 1507 1215 habendam
1532 1186 1617 1214 esse
1642 1185 1732 1213 cen-

140 1243 220 1293 set,
261 1254 390 1293 neque
426 1243 564 1282 tamen
599 1255 786 1283 numeros
823 1242 1079 1295 corrigendos
1117 1254 1202 1282 esse
1231 1242 1276 1281 in
1305 1240 1467 1282 scholiis
1497 1239 1734 1290 Pindaricis,

140 1307 210 1348 sed
240 1319 391 1348 errasse
421 1310 577 1349 veteres
607 1308 846 1360 interpretes
876 1309 920 1348 in
952 1307 1231 1360 comparandis
1262 1306 1558 1360 olympiadibus
1590 1307 1632 1346 et
1661 1318 1734 1358 py-

140 1373 362 1425 tbiadibus;
385 1374 524 1425 itaque
543 1374 705 1415 Boeckh
730 1375 890 1427 singula
913 1374 1058 1427 pythia
1083 1375 1262 1414 carmina
1279 1373 1447 1413 Pindari
1471 1372 1734 1425 quadriennio

139 1440 252 1492 prius
288 1440 439 1492 scripta
476 1452 561 1480 esse
601 1441 764 1491 statuit,
807 1454 929 1492 quam
967 1443 1123 1481 veteres
1163 1440 1418 1493 grammatici
1457 1438 1735 1480 testificantur.

141 1507 200 1546 At
227 1507 317 1558 ipsa
349 1506 511 1557 quidem
541 1507 719 1546 carmina
756 1506 1064 1547 scholiastarum
1098 1507 1277 1547 rationes
1313 1507 1450 1558 potius
1487 1504 1736 1555 confirmant,

142 1584 271 1624 neque
308 1571 643 1623 reprehendendi,
683 1573 754 1624 qui
788 1572 1030 1624 pythiadum
1066 1573 1408 1625 computationem
1445 1585 1470 1612 a
1499 1571 1595 1612 ludo
1627 1583 1735 1611 coro-

144 1639 259 1679 nario
290 1637 566 1689 orffiebanhrr,
600 1638 936 1690 quemadmodum
965 1640 1122 1679 veteres
1152 1638 1320 1678 Pindari
1350 1640 1610 1690 interpretes,
1647 1650 1738 1677 cum

143 1704 366 1745 Pausanias
396 1705 560 1744 initium
596 1705 738 1745 fecerit
775 1718 799 1744 a
836 1705 1052 1745 certamine
1094 1706 1268 1755 aerario,
1309 1704 1416 1756 quod
1455 1705 1539 1745 illis
1578 1705 1739 1756 praeter

145 1771 326 1812 ordinem
356 1770 600 1810 celebratum
630 1783 715 1811 esse
745 1771 878 1812 visum
909 1772 981 1811 est.
1037 1770 1092 1811 Et
1115 1770 1283 1810 Pindari
1312 1771 1475 1822 quidem
1498 1772 1739 1822 interpretes

144 1837 332 1878 videntur
361 1836 593 1878 Aristotelis
625 1838 908 1877 auctoritatem
938 1837 1065 1889 sequi,
1095 1837 1200 1876 unde
1233 1837 1357 1877 etiam
1387 1838 1441 1888 is,
1473 1837 1543 1889 qui
1574 1837 1739 1877 annales

147 1903 287 1944 Parios
318 1903 561 1956 composuit,
590 1902 758 1955 pendet:
796 1902 1019 1943 Pausanias
1050 1905 1186 1943 autem
1216 1902 1343 1943 alium
1380 1916 1500 1955 quem
1536 1905 1740 1944 auctorem

145 1970 408 2010 recentiorem
444 1971 603 2010 secutus
644 1971 722 2021 est,
765 1968 964 2020 siquidem
1006 1969 1088 2009 alia
1126 1971 1336 2021 praeterea
1377 1971 1593 2020 memorat,
1638 1981 1739 2021 quae

147 2037 191 2076 in
229 2035 462 2077 Aristotelis
504 2035 608 2076 libro
650 2035 828 2077 nondum
868 2037 1060 2088 poterant
1099 2034 1228 2087 prodi.
1290 2034 1439 2076 Omnes
1480 2036 1604 2076 testes
1648 2047 1740 2075 con-

319 2135 442 2142 ——m

665 2171 707 2185 α

268 2198 338 2247 ⁹),
340 2198 551 2245 ,Damasias
577 2198 718 2236 archon
742 2209 818 2235 non
843 2199 903 2235 est
927 2198 1097 2235 diversus
1123 2208 1147 2234 a
1171 2197 1370 2243 Damasia,
1405 2209 1519 2254 quem
1544 2197 1648 2234 Parii
1673 2208 1741 2234 an-

150 2248 258 2285 nales
282 2247 491 2285 secundum
515 2247 727 2295 appellant:
760 2257 850 2283 narn
872 2246 978 2302 prior
1003 2246 1054 2283 ad
1077 2248 1252 2294 tempora
1276 2246 1495 2293 antiquiora
1519 2246 1740 2283 referendus

151 2298 227 2342 est,
258 2295 297 2333 ol
321 2299 381 2343 35,
406 2300 428 2332 2
454 2306 600 2332 summo
632 2295 736 2343 apud
760 2294 1011 2332 Athenienses
1041 2294 1195 2336 functus
1223 2294 1472 2342 magistratu,
1506 2294 1571 2331 vid
1595 2293 1722 2341 Diony
1722 2306 1741 2330 s

150 2343 226 2381 Hal
243 2344 359 2401 antiq
371 2326 431 2380 m
448 2347 530 2382 36&
575 2343 648 2393 [De
672 2339 855 2380 Damasia
879 2342 1000 2380 altero
1024 2354 1163 2380 novum
1186 2342 1372 2391 habemus
1390 2342 1609 2380 Aristotelis
1632 2306 1742 2379 testi-

150 2392 321 2430 monium
348 2396 422 2431 πολ
447 2395 510 2430 Ἀθ
537 2404 558 2430 c
578 2397 640 2429 13:
678 2394 858 2430 Σόλωνος
882 2393 1194 2438 ἀποδημήεαντοε
1218 2393 1274 2428 ἔτι
1298 2396 1368 2437 τῆς
1390 2394 1537 2429 πόλεως
1559 2403 1742 2438 τεταραγ-

152 2444 284 2488 μένης,
315 2443 376 2479 ἐπὶ
408 2442 475 2487 μὲν
506 2443 575 2486 ἔτη
604 2444 768 2487 τέτταρα
799 2442 931 2487 διῆγον
963 2441 1004 2477 ὲν
1034 2439 1184 2487 ήευχίᾳ·
1217 2443 1275 2487 τῷ
1300 2440 1343 2477 δὲ
1365 2439 1531 2487 πέμπτῳ
1551 2440 1646 2485 μετὰ
1669 2441 1741 2485 τὴν

152 2490 326 2527 Σόλωνος
344 2491 470 2536 ἀρχὴν
495 2489 657 2539 (590189)
682 2491 728 2526 οὐ
754 2489 979 2534 κατέετηεαν
1005 2489 1171 2534 ἄρχοντα
1196 2489 1257 2525 διὰ
1280 2490 1353 2534 τὴν
1378 2489 1512 2534 ετάειν,
1544 2489 1606 2524 καὶ
1629 2488 1741 2524 πάλιν

152 2539 228 2575 ἔτει
250 2528 410 2585 πέμτιτῳ
435 2537 572 2587 (586s5)
597 2536 717 2588 (διὰ)
741 2539 814 2583 τὴν
838 2537 959 2583 αὐτὴν
983 2535 1105 2574 αἰτίαν
1130 2535 1311 2582 ἀναρχίαν
1336 2535 1525 2582 ἐποίηεαν.
1575 2536 1669 2579 μετὰ
1699 2536 1742 2572 δὲ

153 2589 274 2622 ταῦτα
300 2587 361 2623 διὰ
385 2589 464 2623 τῶν
490 2588 617 2623 αὐτῶν
642 2587 791 2632 χρόνων
816 2584 845 2633 (i
864 2595 886 2622 e
908 2586 1020 2622 πάλιν
1044 2585 1120 2621 ἔτει
1143 2584 1314 2632 πέμπτῳ,
1334 2584 1487 2633 582s1,
1525 2582 1652 2620 Philol
1683 2585 1741 2628 58,

155 2634 240 2681 720)
265 2634 457 2679 Δαμαεία(
481 2635 640 2680 αἱρεθεὶς
665 2636 792 2680 ἄρχων
817 2636 883 2680 ἔτη
909 2634 979 2670 δύο
1004 2634 1064 2670 καὶ
1090 2633 1160 2669 δύο
1185 2635 1304 2678 μῆνα(
1327 2633 1451 2678 ἦρξεν,
1482 2633 1555 2669 ἕως
1579 2632 1740 2677 ἐξηλάθη

155 2681 215 2729 βίᾳ
238 2685 308 2727 τῆς
332 2683 458 2728 ἀρχῆς.
510 2681 681 2727 Quocum
705 2682 848 2729 optim0
874 2680 1049 2719 convenit
1072 2680 1238 2717 Marmor
1262 2679 1417 2717 Parium
1439 2681 1543 2717 recte
1570 2678 1742 2716 intellec-

154 2729 254 2785 tum,
287 2730 333 2766 ut
363 2728 568 2767 Simonidis
599 2742 721 2767 annus
753 2733 813 2767 ΗΗ
817 2731 1012 2787 (Η)ΔΔΠΙΙ
1032 2731 1079 2777 -†-
1099 2732 1234 2766 264=
1254 2728 1568 2777 5911030147,
1594 2732 1634 2773 2,
1666 2727 1742 2763 Da·

155 2777 300 2813 masiae
331 2779 424 2815 ΗΗΗ
427 2780 536 2815 ΔΠΙΙΙ
572 2779 650 2826 (sec
680 2777 834 2815 Seldeni
867 2789 892 2815 a
917 2781 1011 2815 1676
1040 2777 1258 2825 lectionem)
1283 2778 1330 2824 †
1355 2780 1426 2813 264
1445 2793 1491 2807 =
1512 2776 1617 2825 582s1
1637 2793 1684 2807 ==
1702 2772 1743 2811 'ol

155 2827 216 2870 49,
234 2829 257 2860 3
283 2825 431 2863 evadat.
482 2824 556 2881 Qui
580 2826 726 2864 factum
750 2838 833 2864 esse
857 2826 1042 2872 videatur,
1066 2827 1112 2862 ut
1136 2825 1174 2862 ol
1195 2829 1240 2862 47
1267 2825 1422 2873 pythias
1446 2835 1523 2861 non
1548 2834 1617 2861 sno
1642 2834 1743 2860 anno

156 2873 220 2919 (3),
246 2872 320 2908 sed
338 2873 525 2919 superiori
549 2875 601 2922 (2)
626 2874 915 2920 adscriberetur,
940 2874 1042 2911 infra
1066 2874 1180 2911 docui
1202 2886 1230 2921 p
1250 2874 1343 2958 50ῧέ

276 2919 340 2967 ⁸⁸)
350 2921 444 2976 [exp
444 2920 475 2956 ll
494 2925 575 2959 206.
596 2926 678 2968 224,
702 2924 911 2970 praeeunte
923 2922 1130 2965 wilhelmo
1150 2922 1197 2960 de
1216 2922 1318 2959 Hum
1345 2922 1440 2968 oldt,
1459 2921 1743 2959 contradicente

157 2967 324 3016 Bergkio
347 2978 427 3004 ram
451 2979 476 3005 a
501 2972 594 3005 1859
619 2952 745 3006 Ph'ilol
771 2971 949 3019 14,184]

230 3035 418 3069 Peentaely
436 3035 631 3069 vasaq-1.
656 3036 843 3065 conve-sn
851 3037 949 3064 ende
1430 3033 1454 3066 4
