2014 3360
259 1838 334 1872 464

725 197 1102 236 PROLEGOJOENA
1125 197 1179 236 IV
1688 198 1746 244 61

369 310 642 366 olympicam,
678 312 849 354 alteram
878 311 1110 365 Pythicam,
1145 324 1316 364 quarum
1352 314 1446 353 utra
1473 312 1586 365 prior
1615 313 1687 364 sit,
1724 325 1747 354 e

369 378 545 422 carmine
580 378 689 431 ipso,
731 378 810 419 etsi
852 378 1099 431 olympicum
1135 377 1255 419 decus
1294 380 1505 430 tamquam
1544 379 1746 420 recentius

367 444 476 486 laeto
507 444 681 496 quodam
711 456 803 485 cum
825 445 966 498 vigore
989 444 1213 490 renuntiari
1237 443 1410 496 videtur,
1441 446 1579 498 aperte
1609 446 1747 486 tamen

367 522 450 552 non
480 510 628 562 elucet3
657 509 702 550 id
731 510 894 562 quidem
922 510 1131 564 probabile
1160 510 1377 554 intervallo
1407 523 1490 552 non
1513 511 1587 555 ita
1597 524 1745 565 magno

366 576 460 618 illas
500 577 692 617 victorias
734 576 935 618 diiunctae
977 577 1113 620 fixisse.
1187 575 1339 624 Quodsi
1381 576 1535 618 scholia
1574 578 1746 630 olympi·

371 654 461 684 cam
491 642 725 686 adscribunt
755 643 796 684 ol
830 644 885 685 73
911 636 1054 700 (488),
1083 643 1292 695 pythicam
1320 642 1425 695 pyth
1457 644 1516 684 30
1534 637 1666 700 (466)
1685 665 1746 672 --

367 722 463 750 nam
491 709 596 761 pyth
622 709 679 749 33
705 702 836 765 (454.)
867 709 955 750 sola
985 708 1060 750 cod
1082 707 1125 749 A
1155 709 1398 750 auctoritate
1425 709 1544 750 nixus
1573 708 1745 750 Locren-

365 775 471 817 sium
499 777 595 827 post
623 788 804 828 pugnam
834 773 1185 827 Oenophytensem
1214 774 1446 816 condicione
1475 775 1520 815 in
1545 775 1746 816 rationem

368 841 485 894 quasi
514 840 680 882 inducta
709 840 819 881 haud
847 841 967 885 facile
998 841 1212 893 quisqam
1245 840 1511 893 amplectetur
1530 863 1607 892 —,
1645 841 1744 882 alte-

364 919 458 948 rum·
486 909 624 948 utrum
652 897 876 948 numerum⁴
901 908 1135 959 corruptum
1169 906 1347 947 iudicare
1383 913 1543 948 necesse
1580 909 1661 959 est,
1697 909 1746 948 ut

366 975 451 1014 aut·
468 970 535 1014 ὀλ.
567 967 633 1024 οη’
666 967 797 1030 (468)
826 973 894 1014 vel
925 968 991 1015 00¹
1022 967 1153 1029 (464)
1187 972 1471 1024 restituenda,
1494 975 1567 1013 aut
1594 973 1640 1013 in
1669 987 1743 1026 py-

365 1038 516 1081 thiadis
557 1051 725 1080 numero
767 1038 871 1080 duae
913 1039 1076 1080 litterae
1123 1039 1334 1080 novandae
1383 1051 1469 1081 esse
1517 1039 1743 1080 videantur.

367 1105 502 1157 Atque
538 1105 773 1146 Hermanno
811 1105 974 1158 quidem
1012 1099 1084 1161 (ap
1122 1105 1329 1158 Heynium
1360 1100 1499 1162 1817)
1535 1106 1745 1158 pythicam

365 1171 626 1224 Epharmosti
653 1171 869 1213 victoriam
898 1172 940 1213 ol
966 1172 1036 1223 78,
1056 1172 1083 1212 3
1109 1166 1188 1228 (==
1206 1171 1311 1224 pyth
1330 1173 1387 1213 30
1411 1184 1478 1213 sec
1501 1171 1744 1213 scholiorum

363 1232 562 1293 rationes)
590 1228 837 1289 'adsta-ibere,
873 1239 1118 1290 olympicam
1151 1239 1197 1278 in
1233 1237 1366 1280 medio
1398 1239 1625 1291 relinquere
1655 1239 1743 1291 pla·

364 1304 459 1343 cuit.
501 1303 666 1344 Boeckh
687 1303 732 1343 in
755 1305 928 1356 utroque
953 1304 1106 1346 scholio
1135 1306 1361 1359 τριακοετῇ
1391 1302 1537 1359 τρίτῃ
1567 1303 1744 1346 πυθιάδι

363 1370 534 1411 scribere
569 1370 734 1419 maluit,
771 1383 892 1422 quem
926 1372 1087 1413 secutus
1123 1373 1186 1413 est
1221 1371 1375 1424 Bergk,
1411 1371 1491 1412 m’si
1529 1370 1636 1423 quod
1671 1371 1744 1411 1110

362 1435 571 1488 pythicam
594 1429 656 1490 (ol
678 1436 750 1487 80,
770 1437 796 1476 3
817 1449 828 1476 ι
848 1431 999 1496 81,.1),
1029 1436 1096 1477 hic
1125 1437 1230 1479 falso
1259 1437 1450 1478 videlicet
1480 1437 1627 1478 codicis
1652 1434 1743 1477 Fm⁶

361 1515 528 1543 numero
564 1501 754 1554 deceptus
795 1502 1040 1555 olympicam
1082 1504 1296 1544 victoriam
1335 1505 1514 1556 priorem
1558 1516 1643 1546 esse
1681 1498 1738 1559 (ol

364 1569 442 1619 81,
463 1568 618 1620 1:81,
639 1563 687 1624 3)
724 1569 993 1610 existimabat.
1054 1569 1117 1610 De
1152 1571 1321 1611 metrica
1361 1570 1549 1611 carminis
1585 1570 1741 1611 ratione

363 1647 390 1674 a
417 1634 572 1686 primae
604 1634 750 1674 aetatis
781 1635 1025 1676 carminibus
1056 1635 1295 1676 abhorrente
1325 1636 1516 1683 disseruit
1546 1636 1631 1676 Ern
1645 1636 1747 1677 Graf

364 1693 490 1755 (Pind
525 1699 696 1752 logaoed
726 1699 928 1752 Strophen
963 1701 1157 1754 Marburg
1196 1703 1331 1754 1892,
1365 1697 1454 1758 30).
1517 1702 1580 1742 Tu
1615 1703 1742 1755 igitur

363 1765 470 1819 finge
494 1766 612 1806 Aiaci
642 1766 981 1818 supplicationem
1013 1767 1174 1808 decerni
1202 1770 1299 1820 post
1327 1769 1519 1810 victorias
1548 1769 1652 1821 pyth
1684 1770 1741 1810 30

363 1826 425 1887 (ol
457 1832 527 1884 78,
546 1827 594 1888 3)
626 1834 668 1873 et
697 1832 927 1885 olympiade
957 1833 1185 1885 insequenti
1217 1828 1278 1890 (ol
1305 1836 1376 1886 79,
1397 1830 1445 1891 1)
1474 1837 1625 1887 partas.

146 1895 182 1939 Ο
205 1897 257 1938 X.
279 1897 339 1938 XI
363 1894 628 1952 Ἀγηειδάμῳ
652 1895 806 1953 Λοκρῷ
835 1894 1127 1954 Ἐπιζεφυρίψ
1158 1894 1487 1955 (Ἀρχεετράτου
1520 1900 1598 1941 add
1621 1901 1743 1953 pauci

260 2434 333 2468 484

361 1963 462 2016 dett,
490 1963 611 2005 παιδὶ
641 1959 745 2020 BG)
777 1961 926 2019 πύκτῃ.
956 1987 1014 1994 -
1043 1963 1208 2016 ἑνίκηεε
1239 1964 1288 2006 δὲ
1320 1962 1451 2007 οὗτος
1483 1964 1509 2007 ὁ
1540 1962 1626 2016 Ἀγ.
1660 1966 1740 2019 τὴν

361 2024 435 2072 οδ’
453 2026 520 2072 ὀλ.
539 2025 695 2086 (vulgo,
720 2028 848 2082 ἕκτην
871 2028 942 2072 καὶ
966 2027 1346 2085 ἑβδομη<κοετή>ν
1363 2027 1437 2088 Α).
1479 2032 1742 2085 Inscriptioni

364 2095 472 2150 quod
503 2096 617 2138 addit
638 2094 701 2138 1⁷⁶
724 2097 775 2139 de
804 2097 1058 2139 Archestrati
1086 2098 1221 2139 nescio
1252 2098 1365 2139 cuius
1395 2099 1568 2146 victoria
1591 2094 1739 2150 Ἀρχε·

363 2160 529 2217 ετράτῳ
566 2162 724 2215 κέλητῗ
748 2163 964 2216 νικήεαντι
998 2162 1079 2215 τὴν
1113 2158 1192 2216 πβ’
1229 2177 1359 2216 neque
1400 2164 1453 2205 ad
1493 2178 1581 2206 rem
1624 2164 1739 2217 quid-

364 2242 487 2282 quam
514 2242 645 2282 neque
676 2231 841 2271 omnino
873 2230 951 2271 fide
989 2230 1157 2283 dignum
1191 2223 1256 2285 (cf
1289 2230 1341 2271 ad
1371 2230 1406 2272 O
1430 2226 1543 2287 Vn)
1605 2231 1739 2285 Hage-

363 2295 509 2338 sidami
550 2297 679 2350 igitur
720 2297 934 2338 victoriam
975 2308 1214 2348 carmenque
1257 2297 1570 2350 gratulatorium
1612 2297 1647 2339 Ο
1680 2298 1741 2340 XI

363 2374 454 2403 cum
478 2363 662 2404 omnibus
687 2362 736 2404 de
759 2363 905 2415 quibus
930 2364 1089 2404 constat
1110 2365 1273 2415 praeter
1289 2363 1602 2404 Ambrosianum
1625 2364 1739 2405 testi-

362 2428 437 2469 bus
467 2428 509 2469 01
536 2429 591 2469 74
624 2430 723 2481 quin
753 2417 1026 2471 adem-ibamus
1055 2429 1159 2469 nihil
1188 2429 1350 2470 videtur
1379 2430 1550 2470 obstare.
1612 2428 1740 2477 Quem

362 2506 512 2534 annum
553 2496 602 2534 ut
641 2498 926 2547 praeoptemus
968 2495 1235 2536 Ambrosiano
1285 2509 1391 2537 anno
1434 2497 1521 2536 476
1562 2496 1739 2548 primum

361 2558 503 2599 suadet
527 2570 549 2599 c
573 2558 608 2600 Ο
632 2560 731 2600 XIV
752 2562 888 2613 ipsum
913 2574 1071 2614 quoque
1096 2562 1237 2602 statim
1266 2565 1361 2614 post
1390 2563 1602 2603 victoriam
1625 2563 1737 2603 festi-

361 2626 503 2664 natum
545 2624 847 2678 certissimaque
888 2628 1046 2667 ratione
1085 2627 1125 2668 ol
1158 2630 1213 2669 76
1252 2623 1384 2684 (476)
1421 2628 1738 2680 adscribendum,

361 2689 504 2731 deinde
535 2690 709 2731 alterum
738 2703 899 2732 carmen
929 2691 964 2732 Ο
993 2693 1032 2732 X
1070 2693 1279 2744 aliquanto
1309 2696 1404 2746 post
1432 2695 1545 2746 prius
1576 2705 1736 2735 carmen

361 2757 639 2809 compositum,
669 2769 760 2797 cum
788 2758 934 2798 itinere
964 2757 1008 2796 in
1034 2757 1215 2799 Siciliam
1245 2754 1308 2814 (et
1331 2760 1375 2799 in
1399 2761 1590 2813 Magnam
1615 2760 1735 2803 Graess

361 2822 483 2863 ciam:
513 2823 556 2862 of
581 2822 615 2863 P
645 2822 688 2862 II
721 2823 796 2874 18,
832 2823 871 2863 fr
903 2818 1011 2878 200)
1053 2823 1162 2863 facto
1204 2826 1410 2876 promissi·
1435 2827 1576 2867 multis
1621 2827 1736 2867 annis

361 2891 455 2929 ante
488 2888 576 2929 dati
610 2890 732 2941 poeta
769 2888 1107 2929 commonefactus
1146 2891 1262 2930 esset.
1323 2890 1510 2932 Absurde
1547 2893 1735 2932 carminis

360 2953 396 2995 0
415 2955 475 2996 XI
497 2955 708 3007 inscriptio
732 2951 860 2996 toxo(
887 2949 1017 3010 (ἀρχὴ
1047 2951 1179 2995 τόκου
1213 2955 1259 3006 V,
1289 2955 1428 2996 subscr
1451 2956 1580 3000 τέλος
1604 2956 1741 3006 τόκου,
