2014 3360
273 215 331 259 ‘14

909 184 912 186 ’
926 212 1172 250 PmDAnvs

482 326 612 367 indice
634 325 881 367 nobilissimo
906 326 1054 366 civium
1070 325 1375 374 Atheniensium
1399 339 1420 366 e
1444 325 1552 366 tribu
1576 324 1834 366 Erechtheide

482 392 601 450 unius
633 392 727 432 anni
755 391 918 443 proeliis
941 391 1241 431 interfectorum
1266 389 1355 431 OIA
1378 390 1401 430 I
1418 391 1503 431 433
1536 390 1587 431 ad
1610 391 1835 443 legitimum

483 471 632 497 annum
671 457 838 496 atticum
877 459 948 497 aut
985 458 1033 496 ut
1068 455 1305 508 quibusdam
1334 456 1465 496 visum
1501 458 1562 496 est
1591 456 1752 496 omnino
1783 455 1834 495 ad

484 523 579 563 anni
603 522 813 562 circuitum
836 516 899 576 (cf
918 521 1040 562 etia'm
1062 521 1264 562 Prellwitz
1287 520 1472 562 Festschr
1495 521 1561 561 fflr
1578 520 1836 561 Friedlander

482 587 565 640 Lpz
597 587 725 638 1895,
756 581 863 642 382)
902 599 1021 638 quam
1057 586 1108 626 ad
1144 587 1261 638 unius
1299 587 1415 637 quasi
1440 586 1633 638 stipendii
1662 587 1837 638 spatium

481 653 629 693 referre
665 652 730 693 vel
764 654 975 704 propterea
1011 652 1118 693 malo
1155 651 1261 703 quod
1298 664 1454 704 pugnas
1498 651 1549 691 ad
1582 651 1743 702 Halias,
1786 650 1838 690 ad

485 717 804 770 Cecryphaleam,
833 717 932 758 item
962 717 1012 757 ad
1035 717 1244 770 Aeginam,
1273 716 1372 757 duas
1402 717 1446 756 in
1468 716 1670 770 Megaride
1701 715 1838 756 eadem

482 795 608 836 prope
639 783 789 824 aestate
819 782 1002 834 deinceps
1032 784 1231 835 pugnatas
1262 793 1346 822 esse
1378 795 1522 833 parum
1557 781 1742 822 credibile
1778 782 1837 821 vi-

482 847 609 888 detur.
668 848 808 899 Neque
844 850 917 891 aut
944 847 1193 899 Thucydides
1227 848 1454 900 refragatur
1488 859 1593 888 novo
1624 847 1739 898 quasi
1774 858 1838 886 ex-

484 912 597 954 ordio
626 913 733 954 facto
763 907 805 968 (1
831 908 936 969 105)
967 911 1160 964 πολέμου
1191 910 1240 953 δὲ
1270 908 1557 952 καταστάντος
1587 909 1697 961 πρὸς
1725 908 1837 959 Αἰγι-

483 977 615 1029 νήτας
643 973 892 1028 Ἀθηναίοις,
924 974 1029 1028 μετᾶ
1052 977 1187 1018 ταῦτα
1206 977 1257 1017 ad
1279 976 1478 1029 Aeginam'
1499 976 1677 1017 insulam
1700 975 1836 1015 navali

484 1043 636 1096 proelio
660 1042 905 1084 decertatum
928 1055 1012 1083 esse
1036 1042 1182 1093 dicens,
1206 1044 1278 1082 aut
1300 1041 1500 1082 Diodorus
1523 1036 1604 1096 (XI
1630 1035 1706 1095 ⁷8)
1729 1053 1840 1081 more

485 1121 559 1149 suo
591 1107 895 1160 Oecryphalensi
923 1108 1228 1148 Atheniensium
1262 1107 1452 1148 victoriae
1489 1100 1534 1161 (a
1564 1106 1649 1147 459
1680 1100 1840 1160 partae)
1909 1129 1926 1155 χ

477 1171 697 1218 ,τοιούτων
722 1170 1053 1223 εὐημερημάτων
1077 1169 1224 1213 αὐτοῖς
1247 1169 1548 1221 γεγενημένων
1576 1170 1727 1211 bellum
1756 1182 1840 1211 sus-

487 1239 648 1290 ceptum
689 1238 946 1291 Aeginaeque
994 1238 1103 1278 urbis
1148 1239 1190 1278 et
1231 1235 1476 1277 obsidionem
1517 1237 1559 1283 et
1601 1235 1842 1277 deditionem

487 1304 675 1344 continuo
712 1303 941 1356 adiungens.
1002 1302 1112 1349 Quae
1148 1314 1238 1342 cum
1265 1302 1326 1342 ita
1356 1301 1448 1351 sint,
1478 1313 1550 1342 nos
1581 1300 1740 1352 quidem
1774 1300 1841 1342 ob-

488 1367 682 1409 sidionem
710 1368 824 1408 illam
852 1381 995 1408 novem
1024 1368 1220 1408 mensium
1245 1380 1269 1407 a
1293 1366 1398 1406 Diod
1421 1366 1480 1407 XI
1506 1366 1575 1417 78,
1598 1367 1626 1406 4
1651 1365 1842 1406 traditam

487 1435 679 1484 tenentes,
707 1436 926 1474 ceterarum
951 1435 1084 1473 autem
1108 1422 1333 1484 pugnarum
1355 1433 1536 1484 tempora
1561 1431 1682 1471 altius
1705 1431 1842 1482 paullo

490 1512 611 1550 quam
640 1498 816 1539 Diodoro
846 1498 999 1550 placuit
1027 1500 1273 1552 repetentes,
1310 1496 1361 1536 ad
1390 1497 1586 1549 Aeginam
1621 1498 1662 1536 et
1689 1496 1732 1535 in
1760 1496 1843 1536 Me-

388 1571 460 1605 458
491 1563 628 1617 garide
664 1576 866 1604 sumamus
903 1564 1065 1603 ineunte
1102 1575 1204 1604 anno
1236 1563 1342 1613 458,
1385 1563 1534 1602 aestate
1569 1562 1756 1614 vergente
1793 1560 1844 1601 ad

433 1636 436 1639 ’
489 1630 778 1682 Tanagram,
808 1629 1051 1681 sexagesimo
1070 1626 1207 1669 ‘altero
1238 1628 1302 1669 die
1331 1629 1425 1680 post
1455 1621 1586 1682 (Thuc
1608 1626 1630 1666 I
1657 1621 1761 1682 108)
1793 1625 1844 1666 ad

489 1693 774 1746 Oenophyta
797 1693 1029 1734 dimicatum
1049 1706 1145 1745 esse,
1167 1696 1255 1734 tum
1279 1688 1406 1748 (μετὰ
1421 1693 1556 1733 ταῦτα
1576 1692 1688 1732 Thuc
1704 1692 1726 1731 I
1746 1693 1844 1743 108,

353 1766 458 1814 458l7
491 1754 540 1814 4)
564 1759 797 1813 Aeginam
819 1759 957 1800 urbem
980 1759 1108 1800 hieme
1133 1756 1290 1814 45ss57
1317 1758 1541 1799 concidisse.
1584 1757 1671 1797 Iam
1695 1757 1844 1809 optime

491 1825 625 1865 omnia
649 1824 898 1865 conveniunt.
940 1824 1046 1865 Nam
1071 1821 1130 1864 εἰς
1155 1821 1273 1875 ὥραν
1299 1821 1422 1864 ἔτους
1447 1817 1563 1878 (Plut
1582 1823 1668 1864 Cim
1689 1818 1777 1878 17),
1800 1814 1844 1864 in

491 1889 597 1941 quod
626 1892 782 1942 tempus
805 1889 1066 1930 Athenienses
1094 1892 1188 1942 post
1218 1889 1369 1930 cladem
1395 1889 1667 1941 Tanagraeam
1695 1901 1845 1929 novum

489 1954 866 2006 Peloponnesiorum
907 1956 1101 2007 impetum
1141 1956 1328 1996 metuisse
1370 1955 1570 2005 feruntur,
1613 1965 1703 1993 cum
1743 1953 1845 1993 nihil

491 2020 601 2060 aliud
639 2020 836 2073 significet
871 2033 991 2072 quam
1029 2016 1088 2060 ‘in
1127 2022 1212 2061 eius
1249 2011 1319 2072 qui
1354 2019 1586 2060 decurrebat
1622 2019 1729 2058 anni'
1746 2020 1845 2059 tem-

489 2098 566 2138 pus
602 2082 878 2137 commodum',
919 2086 1016 2127 satis
1053 2087 1146 2138 apte
1182 2086 1262 2126 dici
1296 2098 1413 2138 posse
1454 2098 1534 2125 non
1569 2084 1727 2125 videtur
1767 2083 1846 2124 nisi

490 2153 583 2203 post
618 2153 775 2192 exactos
810 2163 964 2192 menses
1000 2152 1190 2202 aestivos,
1231 2153 1294 2191 ut·
1317 2150 1418 2191 nihil
1461 2149 1608 2199 dicam,
1652 2150 1845 2200 quantum

491 2217 683 2267 temporis
713 2218 769 2257 eis
801 2229 902 2267 quae
933 2218 1026 2256 ante
1056 2219 1191 2268 gestae
1221 2218 1316 2257 sunt
1344 2215 1480 2270 rebus,
1517 2213 1845 2255 Lacedaemonio-

492 2294 583 2320 rum
619 2281 706 2321 dico
743 2282 786 2320 in
815 2280 1005 2321 Doridem
1045 2280 1312 2332 expeditione,
1349 2279 1654 2320 Atheniensium
1691 2277 1846 2319 insidiis

493 2345 598 2385 circa
628 2345 847 2386 Geraneam
876 2346 1037 2386 structis
1068 2339 1200 2399 (Thuc
1227 2345 1249 2384 I
1282 2346 1380 2395 107,
1412 2345 1451 2394 3,
1480 2342 1586 2393 Diod
1614 2342 1673 2383 XI
1703 2343 1773 2393 80,
1800 2337 1846 2398 1)

494 2412 771 2461 consumptum
801 2422 885 2450 esse
914 2421 1071 2450 necesse
1101 2410 1165 2450 sit.
1225 2410 1286 2449 Ac
1309 2422 1359 2449 ne
1390 2409 1479 2460 quis
1514 2409 1680 2449 miretur
1710 2407 1847 2449 eodem

493 2487 619 2526 paene
658 2475 849 2526 temporis
886 2476 1035 2526 puncto
1076 2487 1155 2526 quo
1190 2475 1233 2514 in
1269 2473 1471 2527 Megaride
1508 2470 1845 2525 ‘Peloponnesios'

493 2541 537 2582 in
567 2539 714 2580 Doride
749 2552 966 2592 pugnasse:
1008 2539 1256 2592 Thucydides
1294 2539 1454 2591 quidem
1488 2539 1586 2579 illuc
1623 2538 1846 2580 Corinthios

494 2605 692 2658 profectos
732 2616 834 2654 esse,
875 2604 953 2644 huc
989 2603 1179 2646 Φωκέων
1219 2602 1564 2654 ςτρατευςάντων
1597 2601 1642 2645 ἐς
1672 2602 1847 2653 Δωριᾶς

494 2668 573 2719 τὴν
598 2666 942 2719 Λακεδαιμονίων
970 2667 1230 2720 μητρόπολιν
1260 2669 1591 2711 Lacedaemonios
1621 2669 1847 2720 accurrisse,

496 2747 587 2774 cum
616 2734 731 2775 sociis
755 2736 955 2787 utrosque,
986 2737 1124 2776 auctor
1147 2737 1208 2776 est
1230 2735 1342 2775 nulla
1366 2735 1555 2787 temporis
1579 2736 1675 2774 nota
1700 2733 1848 2784 addita,
1880 2739 1886 2744 '

496 2800 575 2840 nisi
605 2799 710 2851 quod
738 2801 832 2852 post
860 2802 1041 2842 narratas
1063 2812 1220 2853 pugnas
1243 2800 1464 2853 Megaricae
1488 2796 1597 2840 κατὰ
1618 2797 1720 2838 τοὺς
1745 2794 1845 2847 χρό-

495 2875 599 2905 νους
627 2862 807 2905 τούτους
839 2859 937 2919 (non
968 2863 1074 2915 μετὰ
1103 2865 1239 2906 ταῦτα
1271 2867 1319 2904 ut
1348 2876 1371 2904 c
1397 2859 1502 2919 105)
1537 2874 1672 2903 muros
1707 2862 1848 2913 longos

497 2930 546 2970 ab
569 2929 878 2971 Atheniensibus
908 2929 1107 2970 aedificari
1137 2931 1296 2980 coeptos
1327 2940 1411 2969 esse
1442 2930 1484 2975 et
1513 2920 1622 2982 (καὶ)
1652 2925 1846 2967 Lacedae·
