2014 3360
258 183 346 228 408
775 182 981 219 PmnAffl
1006 182 1310 219 FRAGMENTA

384 290 397 313 ¹
474 290 483 299 .

258 291 446 389 Οἰνοπίαῖν
454 301 584 374 sigo&
619 340 656 384 (e
679 337 933 384 Pherecydem
969 336 1134 384 Apollo'd
1157 337 1175 373 1
1193 341 1239 373 25
1387 337 1431 384 ¹¹)
1454 337 1619 374 traditur
1642 336 1747 377 nullo
1770 349 1827 375 re-

395 387 435 423 te
583 386 595 407 ¹
652 385 863 423 molantem
894 390 1046 432 propter
1081 385 1314 422 iactationem
1343 389 1526 422 mortwum
1555 395 1628 422 esse
1659 384 1829 423 Orionem

264 444 285 469 c
344 433 474 470 esiodo
512 443 561 479 ap
617 434 679 468 rat
715 434 839 470 catast
863 436 908 469 32
946 433 1109 480 (Ὠρίων)
1146 433 1309 470 testatur
1345 432 1449 469 schol
1472 431 1546 468 Nic
1567 432 1654 469 ther
1678 433 1742 469 15¹
1766 433 1828 480 (de

260 480 324 516 15¹
353 493 376 517 v
407 491 522 527 supra
552 479 657 528 ad⁹),
688 485 835 527 propter
863 481 938 517 vim
968 484 1035 517 aut
1058 479 1212 516 Dianae
1258 479 1352 516 Erat
1381 492 1399 516 s
1423 492 1446 516 v
1476 481 1608 526 (κορπ.
1639 481 1700 527 (ιι-
1724 481 1829 518 ἄλλοι

260 540 278 564 s
302 540 325 564 v
350 529 455 575 Ὠρ.),
480 527 616 565 Gallim
648 538 696 575 ap
721 527 810 575 Hyg
834 530 913 565 astr
937 531 958 572 ξ
979 531 1001 563 4
1033 528 1098 574 (hy
1120 527 1221 564 Dian
1245 530 1372 574 265⁴?),
1406 527 1501 564 Arat
1525 531 1595 563 637
1621 529 1829 574 (προτέρων

261 577 398 622 λόγος),
434 575 509 612 Nic
544 576 630 612 ther
656 579 719 620 16,
755 575 910 622 Euphor
941 575 977 611 fr
997 579 1065 611 108
1084 575 1142 620 M,
1179 579 1246 612 aut
1288 576 1361 622 Upi
1396 576 1536 623 viryini
1572 575 1830 623 Hyperboreae

261 623 386 670 (alteri
404 624 515 670 quasi
532 623 734 671 Artemidi)
751 624 898 660 illatam
915 623 1070 670 Euphor
1086 622 1122 658 fr
1136 627 1215 668 109,
1234 623 1400 669 Apollod
1417 623 1434 658 I
1447 627 1491 658 27
1499 623 1523 669 ²,
1542 635 1566 659 a
1585 623 1644 660 dis
1662 623 1827 670 (Diana)

261 671 430 708 Aurorae
453 683 535 708 cum
562 670 697 708 Orione
721 672 839 708 amon·
862 671 1112 708 invidentibus
1135 683 1153 707 ε
1174 675 1240 707 121
1262 682 1298 707 ss
1324 670 1494 719 (Deliaca
1523 670 1678 707 fabulae
1707 670 1830 707 forma

262 715 327 755 sec'
346 718 510 766 Apouod
533 718 552 754 I
570 721 745 766 25-27),
769 720 813 755 in
838 719 945 757 oreta
969 718 1045 754 Hes
1076 730 1126 765 ap
1150 718 1243 756 Erat
1269 720 1362 765 Ὠρ.,
1387 718 1636 756 Antimachus
1667 730 1717 766 ap
1741 719 1830 768 Hyg

262 767 340 802 asti·
365 770 386 811 ἕ
405 771 426 802 2
452 767 544 812 extr,
570 767 613 803 in
639 766 729 803 Chio
753 766 846 802 Erat
871 767 1023 814 (κορπ.,
1048 767 1143 803 Atat
1173 768 1293 814 (προτ.
1317 768 1412 814 λόγ.)
1438 769 1507 803 637
1521 778 1558 803 es
1589 777 1610 802 c
1639 766 1829 814 plerisque

258 815 351 861 poet
385 814 594 850 Alexandrr
624 816 669 851 ut
705 814 853 851 videtur
883 815 1132 861 Πῖαυςτήρια·
1169 817 1239 860 ὅρη
1272 815 1321 851 ἐν
1346 815 1450 862 Χίῳ,
1488 816 1530 851 ἐν
1560 814 1617 852 οἷς
1647 817 1668 851 ὁ
1693 815 1830 862 Ὠρίων

259 863 446 899 ἀπέθανεν
470 872 520 908 ap
538 861 690 908 Hesych
709 873 767 898 scr
785 861 927 898 Robert
945 861 1054 908 Myth
1072 862 1090 897 I
1108 862 1222 909 452⁵),
1246 863 1434 908 scorpione
1457 874 1483 898 α
1505 862 1647 900 Tellure
1669 863 1831 901 immisso

258 908 341 966 Hes·
367 920 417 965 ap
442 909 534 946 Erat
559 911 654 955 Ὠρ.,
687 922 712 946 α
738 910 904 955 (Latona
933 912 982 956 et)
1007 910 1142 946 Diana
1173 920 1235 946 sec
1266 909 1377 954 alios,
1408 910 1495 947 deae
1528 910 1575 947 ab
1604 921 1645 947 eo
1673 911 1830 949 violatae

258 956 532 1052 saqsttvssffliiffigz)
542 957 743 1059 fgiz'ra'ffti'x-
758 956 981 1048 Effluit&
1004 956 1722 1051 ῌἸῖρείααὲἓϊτὲἱέῗαῗὲζρὲίὲῗνζῧνῗὲςτι,
1739 1007 1830 1053 πρὸ·

256 1064 368 1098 τερον
393 1054 434 1089 δὲ
459 1053 571 1099 (quae
597 1054 765 1100 corrupit
788 1052 950 1090 Eustath
973 1051 1006 1087 I]
1025 1056 1107 1097 264,
1126 1053 1187 1099 44)
1210 1055 1280 1098 τῆς
1303 1054 1500 1099 Θηβαΐδος,
1525 1054 1622 1090 ὅπου
1647 1055 1669 1090 ό
1689 1055 1832 1100 Ὑριεὺς

258 1101 481 1145 μεμύθευται
501 1103 560 1136 καὶ
571 1103 596 1146 ἡ
608 1105 677 1137 τοῦ
693 1101 870 1146 Ὠρίωνος
886 1101 1035 1145 γένεςις,
1053 1102 1101 1143 ἢν
1121 1111 1209 1145 φηςι
1220 1100 1409 1145 Πίνδαρος
1427 1101 1468 1136 ἐν
1485 1105 1564 1137 τοῖς
1583 1102 1830 1148 διθυράμβοις.

378 1147 459 1184 Hoc
483 1148 783 1185 testimoniorum
808 1149 1012 1194 conspectu
1037 1158 1131 1194 opus
1156 1158 1237 1183 esse
1261 1147 1472 1193 videbatur,
1491 1150 1536 1184 ut
1554 1148 1601 1184 de
1625 1148 1831 1195 natalibus,

260 1196 307 1232 de
332 1195 532 1240 adulterio,
552 1196 598 1231 de
618 1196 810 1232 oculorum
828 1196 910 1232 acie
933 1195 1073 1231 amissa
1091 1195 1279 1241 restituta,
1298 1195 1346 1230 de
1369 1195 1474 1232 exitu
1500 1195 1648 1232 Orionis
1671 1196 1830 1234 haberes

258 1243 348 1289 quic*
371 1243 400 1279 P
425 1243 597 1280 docuisse
623 1254 801 1280 censeres.
852 1244 908 1280 Ac
933 1243 981 1279 de
1005 1242 1151 1290 origine
1182 1242 1336 1288 quidem
1366 1242 1507 1279 fabulis
1538 1243 1721 1282 boeoticis
1746 1255 1832 1281 cum

259 1291 456 1328 Strabonis
475 1291 691 1327 testimonio
711 1292 803 1328 satis
822 1291 1016 1328 luculento
1041 1290 1190 1326 collatis
1214 1290 1256 1326 id
1274 1290 1456 1336 sequitur,
1473 1292 1518 1326 ut
1539 1295 1682 1338 γηγενῆ
1699 1292 1831 1361 SApol-

257 1339 323 1375 lod
346 1339 365 1375 1
383 1341 443 1386 26)
468 1338 624 1374 Pindari
649 1338 824 1376 Orionem
854 1339 972 1375 fuisse
1003 1338 1217 1383 credamne,
1254 1338 1355 1374 unde
1391 1337 1427 1374 fi·
1457 1338 1574 1386 adesp
1600 1343 1646 1376 84
1663 1339 1694 1375 Β
1742 1340 1832 1377 huic

259 1386 502 1434 dithyrambo
535 1386 684 1423 adicere
714 1387 860 1433 placuit
883 1386 934 1423 cll
957 1386 993 1422 fr
1017 1385 1115 1422 Pind
1141 1386 1202 1432 (de
1226 1385 1486 1433 Erichthonio)
1512 1390 1592 1424 253.
1619 1387 1681 1434 (de
1705 1387 1831 1435 Tityo)

258 1438 339 1471 294.
385 1434 442 1471 De
468 1433 656 1470 adulterio
682 1434 824 1472 dictum
849 1435 899 1471 ad
920 1434 965 1482 ⁹);
997 1444 1020 1470 a
1047 1436 1204 1480 peccato
1233 1433 1390 1469 ultionis
1421 1434 1676 1471 narrationem
1700 1434 1832 1472 abesse

259 1482 455 1566 maye
475 1481 594 1567 gaci&
611 1482 819 1567 ¹{zon-ceddelth
861 1483 1033 1567 lgenique
1056 1480 1833 1567 mortemuaf'cgqltmifsggrtissnem·qpssdrtre

257 1542 283 1566 ιι
409 1540 544 1566 mre
636 1541 727 1566 um
821 1542 843 1567 o
901 1540 1201 1567 ecci-namusnu
1307 1540 1340 1564 τι
1414 1540 1483 1565 ιιι
1591 1541 1774 1574 ,nisio

257 1577 466 1614 Pindarum
502 1579 547 1623 ut
582 1577 852 1614 Antimachum
886 1579 955 1615 aut
987 1577 1267 1624 Euphorionem
1303 1576 1517 1613 boeoticam
1547 1576 1718 1615 fabulam
1748 1588 1833 1614 cum

258 1625 395 1663 alienis
421 1625 698 1663 contaminasse
722 1627 845 1672 putas.
888 1626 1033 1673 Hygini
1056 1625 1175 1672 igitur
1199 1624 1312 1660 verba
1336 1623 1405 1661 ina
1429 1625 1624 1662 Pindarus
1648 1630 1768 1663 autem
1791 1626 1834 1663 in

258 1674 386 1711 basula
411 1673 504 1711 Chio
535 1673 585 1708 ad
615 1673 729 1710 finem
757 1673 885 1720 potius
915 1684 1029 1720 quam
1054 1673 1104 1709 ad
1128 1672 1281 1709 initium
1306 1676 1327 1717 ξ
1348 1676 1368 1707 2
1395 1672 1644 1709 adscribenda
1670 1684 1750 1710 esse
1775 1685 1832 1710 ar-

258 1721 390 1759 bitror.
489 1719 664 1757 Oeterum
701 1721 799 1757 duae
835 1721 1009 1758 videntur
1050 1721 1168 1757 fuisse
1210 1720 1413 1756 memoriae
1455 1720 1669 1767 boeoticae,
1713 1721 1833 1758 altera

259 1769 399 1814 mitior,
426 1779 541 1815 quam
565 1767 675 1804 nobis
700 1769 855 1814 quidem
878 1770 1138 1816 repraesentat
1156 1767 1319 1805 Corinna
1342 1768 1502 1814 γεροίων
1521 1768 1563 1805 α’
1583 1767 1618 1804 fr
1637 1773 1658 1804 3
1679 1769 1833 1816 (εὺςεβέ-

259 1828 395 1853 ςτατον
421 1817 539 1853 αὐτὸν
558 1817 682 1862 λέγει).
710 1819 730 1852 7
750 1816 811 1862 13⁴,
831 1816 953 1853 altera
970 1817 1099 1865 paullo
1119 1816 1293 1861 atrocior,
1313 1825 1427 1862 quam
1446 1815 1616 1862 sequitur
1634 1815 1830 1853 Pindarus.

377 1863 620 1909 Relinquitur
648 1866 694 1900 ut
718 1874 952 1911 apponamus
985 1865 1164 1902 eximium
1195 1863 1295 1910 quod
1327 1864 1452 1901 exstat
1482 1863 1529 1899 de
1555 1862 1704 1901 Orionis
1730 1865 1832 1902 cata·-

260 1912 432 1950 sterismo
457 1911 726 1959 fragmentum:

378 1959 479 1997 '⁷4⁵
504 1961 580 2007 (53)
640 1996 650 2006 .
672 1996 710 2005 ..
742 1963 932 2016 τρεχέτω
963 1964 1012 2006 δὲ
1043 1965 1148 2017 μέτα

545 2035 783 2088 Πληῖόναν,
814 2033 901 2087 ἅμα
932 2033 970 2077 δ’
1000 2035 1118 2092 αὐτῷ
1149 2036 1264 2079 κύων
1294 2059 1354 2066 -
1372 2031 1720 2088 **λεοντοδάμας
1743 2058 1803 2066 -

259 2151 372 2189 Schol
389 2151 487 2188 Pind
505 2150 542 2187 N
559 2151 595 2187 Π
609 2154 653 2187 17
674 2153 733 2198 (ex
751 2150 970 2188 Aristarcho
977 2152 1025 2199 ?):
1049 2154 1116 2190 δτὲ
1141 2154 1207 2198 μὲν
1231 2153 1417 2191 Πλειάδα(
1442 2154 1542 2189 καλεῖ
1565 2153 1834 2197 πληθυντικῶς,

258 2202 324 2237 ὁτὲ
348 2201 389 2237 δὲ
413 2200 608 2245 Πληῖόνην
645 2200 697 2235 ὡς
721 2198 823 2243 μίαν·
860 2200 1059 2244 τρεχέτω
1091 2201 1138 2238 δὲ
1164 2229 1173 2239 .
1194 2230 1202 2238 .
1223 2227 1231 2238 .
1258 2202 1376 2238 κύων
1408 2201 1464 2246 (δὲ
1495 2198 1571 2235 add
1597 2199 1635 2235 B
1666 2198 1767 2236 solus
1791 2200 1834 2236 ut

258 2247 340 2294 vid,
371 2258 433 2284 om
461 2247 536 2284 TU
538 2246 582 2292 V,
612 2246 728 2294 periit
758 2245 863 2284 schol
885 2247 945 2293 Β,
976 2250 1064 2294 post
1098 2250 1190 2293 μέτα
1215 2259 1362 2286 versum
1386 2247 1509 2285 finivit
1533 2246 1683 2294 Bergk).
1733 2249 1833 2284 δοκεῖ

258 2297 330 2342 γὰρ
366 2296 449 2332 κατ’
486 2295 603 2332 αὐτὸν
639 2295 709 2331 τὸν
743 2294 938 2341 Πίνδαρον
975 2297 1171 2342 ἐραςθῆναι
1207 2298 1324 2343 αὐτῆς
1360 2298 1382 2334 ὁ
1416 2296 1552 2342 Ὠρίων
1589 2296 1650 2331 καί
1687 2296 1833 2332 διώκειν

258 2345 378 2389 αὐτὴν
409 2344 469 2380 ἐπὶ
498 2343 662 2380 πολλοὺς
689 2343 864 2388 χρόνους·
900 2344 1150 2388 ὑπομνήματα
1181 2346 1222 2381 δὲ
1251 2347 1401 2383 τούτων
1426 2345 1448 2381 ὁ
1472 2344 1567 2380 Ζεὺς
1591 2354 1705 2388 κατης
1729 2343 1832 2388 έριςε.

257 2392 356 2436 παρὸ
382 2392 429 2436 δή
454 2402 583 2437 φηςιν·
634 2391 676 2427 Ὁ
702 2390 837 2435 Ὠρίων
861 2390 977 2427 ὲπίτω
1002 2396 1082 2427 ταῖς
1104 2392 1256 2429 Πλειάςι
1271 2431 1273 2433 ,
1286 2393 1417 2438 (ἐπίτω
1448 2402 1508 2428 em
1537 2389 1680 2439 Bergk,
1718 2391 1833 2427 ἐπιὼν

259 2439 368 2484 codd,
393 2438 495 2475 unde
519 2449 570 2485 ap
595 2437 625 2473 P
648 2439 795 2484 τρέχων
820 2439 862 2475 δὲ
887 2449 946 2475 scr
970 2438 1148 2486 Boeckh).
1196 2439 1340 2476 Luciau
1363 2451 1431 2488 pro
1461 2439 1594 2487 imagg
1619 2442 1680 2475 192
1719 2439 1740 2475 ὁ
1764 2439 1833 2475 τὸν

261 2487 440 2532 Ὠρίωνος
465 2488 559 2522 κύνα
584 2487 747 2522 ἐπαινῶν
772 2487 848 2531 ἔφη
879 2488 1039 2532 ποιητὴς
1068 2488 1383 2531 λεοντοδάμαν
1415 2489 1563 2533 αὐτόν,4
1586 2486 1729 2533 primus
1758 2485 1834 2522 huc

259 2534 408 2571 vocavit
426 2533 633 2569 Schneider
651 2532 815 2581 firagmm
832 2545 865 2581 p
884 2538 943 2579 49,
967 2535 1056 2581 post
1081 2536 1181 2571 κύων
1208 2534 1360 2572 addidit
1377 2535 1544 2581 Boeckh,
1561 2535 1663 2581 quod
1682 2533 1715 2571 si
1732 2535 1834 2572 recte

259 2581 369 2628 fecit,
402 2580 610 2618 accusativi
639 2580 763 2617 forma
791 2584 1046 2627 λεοντοδάμαν
1071 2582 1239 2619 Luciano
1271 2581 1446 2629 debetur,
1470 2594 1540 2630 pro
1565 2594 1642 2629 qua
1671 2582 1714 2619 in
1736 2581 1835 2619 Pind

259 2631 564 2675 λεοντοδάμαντα
589 2629 863 2675 exspectaveris
889 2629 925 2667 cl
947 2630 1024 2677 prll
1046 2630 1126 2666 11⁸⁶.
1177 2629 1249 2666 EM
1269 2633 1350 2676 675,
1370 2634 1415 2667 36
1423 2633 1438 2667 ι’
1457 2632 1556 2676 λέγει
1581 2632 1622 2668 δὲ
1645 2630 1834 2676 Πίνδαρος

258 2678 343 2722 περὶ
366 2680 436 2714 τοῦ
461 2681 748 2723 καταςτεριςμοῠ
773 2678 918 2724 αὐτῶν,
943 2679 1003 2714 ὅτι
1033 2681 1101 2724 τῆς
1124 2679 1316 2723 Πληϊόνης
1344 2680 1599 2724 πορευομένης
1629 2679 1722 2723 μετὰ
1754 2681 1834 2715 τῶν

259 2727 459 2771 θυγατρῶν
492 2725 589 2761 κατὰ
624 2726 696 2771 τὴν
734 2726 918 2762 Βοιωτίαν
954 2729 1175 2771 ςυναντῆςαι
1210 2727 1307 2771 αὐτῇ
1341 2726 1518 2772 Ὠρίωνα·
1555 2727 1638 2763 εἶτα
1669 2726 1834 2771 ὲραςθείς

260 2772 406 2818 ὥρμηςε
435 2773 530 2818 πρὸς
549 2772 606 2808 ’τὸ
637 2773 812 2819 ἁρπάςαι,
836 2776 908 2820 τὴν
940 2775 981 2810 δέ
1014 2774 1227 2819 φεύγουςαν
1252 2773 1344 2817 μετὰ
1367 2777 1447 2810 τῶν
1471 2776 1670 2819 θυγατρῶν
1697 2772 1832 2818 Ὠρίων

261 2819 404 2867 ἐδίωκε,
428 2821 595 2865 γενέςθαι
620 2821 662 2858 δὲ
686 2822 814 2858 αὐτῶν
837 2822 907 2858 τὸν
931 2821 1073 2868 δρόμον
1097 2821 1210 2857 πέντε
1233 2821 1300 2865 ἔτη
1326 2821 1578 2858 ἀδιάλειπτον·
1603 2821 1673 2858 τὸν
1698 2818 1833 2857 δὲ’Δία

261 2867 322 2903 διὰ
356 2870 429 2914 τὴν
465 2867 717 2905 κακοπάθειαν
753 2870 881 2906 αὐτῶν
916 2868 1031 2905 οἱονεὶ
1061 2869 1236 2914 μνήματα
1266 2868 1517 2914 καταςτερίςαι
1551 2869 1620 2906 τὰς
1646 2868 1834 2905 Πλειάδας

261 2916 470 2959 φευγούςας
492 2916 562 2953 τὸν
587 2915 759 2963 Ὠρίωνα,
784 2916 827 2952 ὅς
850 2917 947 2953 ἐςτιν
972 2916 1152 2953 ἐνιαυτός.
1202 2913 1251 2953 cf
1270 2914 1366 2955 Eust
1390 2914 1448 2952 Od
1475 2918 1579 2962 1712,
1598 2918 1654 2951 49.

557 289 722 336 letique,
758 289 862 326 velut
897 280 1083 335 βιάςαςθαι
1107 289 1313 327 οἰνωθέντα
1348 289 1425 325 Hes
1450 300 1500 336 ap
1523 288 1636 334 Erat,
1673 291 1829 334 uceticae
1892 289 1895 291 ’
