2014 3360
691 796 1296 872 PROLEGOMENA

198 998 216 1035 Ι
251 998 308 1036 De
338 998 448 1035 libris
481 1010 598 1036 manu
628 999 790 1046 scriptis.
840 999 876 1035 Π
912 998 1272 1036 Observatiunculae
1303 998 1588 1046 grammaticae.
1638 998 1692 1036 m
1726 998 1783 1036 De

198 1052 309 1089 fastis
327 1052 617 1091 Panhellenicis.
661 1053 714 1090 IV
731 1053 850 1090 Index
868 1053 1077 1090 carminum
1095 1052 1355 1100 epiniciorum.
1399 1051 1435 1089 V
1452 1053 1559 1090 Fasti
1577 1052 1782 1090 Pindarici.

883 1189 1099 1196 ----

982 1301 1004 1346 I

515 1397 608 1442 DE
641 1398 874 1444 LIBRIS
905 1397 1119 1444 MANV
1153 1396 1464 1444 SORIPTIS

306 1530 430 1572 >Artis
467 1533 628 1576 criticae
664 1534 708 1572 in
743 1533 911 1574 Pindari
951 1534 1192 1575 carminibus
1234 1533 1480 1574 factitandae
1522 1533 1785 1574 fundamenta

198 1596 293 1637 iecit
309 1596 517 1650 Augustus
536 1598 698 1639 Boeckh
722 1601 764 1639 et
787 1600 973 1652 periodos
996 1601 1183 1641 metricas
1206 1591 1321 1640 hiatu
1344 1600 1411 1641 vel
1435 1600 1592 1652 syllaba
1617 1599 1785 1652 ancipiti

198 1662 388 1703 definiens
432 1665 474 1703 et
514 1664 705 1705 lectiones
741 1678 822 1706 non
860 1668 1057 1707 correctas
1096 1667 1145 1707 ab
1181 1666 1435 1719 interpolatis
1473 1660 1785 1721 (Moschopuleis

199 1730 241 1769 et
276 1724 550 1784 Triclinianis)
587 1731 748 1770 strenue
785 1731 1023 1773 discernens.
1085 1732 1233 1773 Variae
1272 1732 1456 1773 lectionis
1496 1732 1785 1785 supellectilem

199 1794 356 1847 egregie
387 1795 501 1834 auxit
530 1795 666 1846 Tycho
696 1797 918 1838 Mommsen
947 1799 1014 1839 vel
1043 1800 1257 1852 propterea
1287 1799 1336 1839 de
1365 1799 1542 1839 Pindaro
1572 1799 1674 1839 bene
1703 1810 1785 1838 me-

198 1861 318 1911 ritus,
356 1860 462 1911 quod
498 1861 622 1901 libros
661 1863 826 1903 eximios
857 1863 898 1903 A
929 1866 971 1904 et
1000 1860 1084 1920 B‘)
1121 1865 1274 1917 primus
1306 1865 1488 1906 contulit.
1549 1865 1662 1905 Idem
1695 1877 1786 1904 cum

199 1921 268 1981 (ed
291 1926 373 1965 mai
397 1940 425 1978 p
449 1926 529 1966 XII
553 1921 611 1982 ss)
642 1929 823 1968 veterum
854 1929 1049 1970 librorum
1079 1932 1271 1982 quattuor
1300 1944 1448 1984 genera
1473 1943 1558 1972 esse
1581 1930 1786 1980 voluisset,

198 1992 507 2032 Ambrosianum
520 1987 610 2047 (A),
627 1993 871 2034 Vaticanum
890 1990 981 2050 (B),
1005 1995 1234 2037 Parisinum
1253 1992 1338 2053 (C),
1355 1998 1579 2038 Medicemn
1597 1990 1786 2051 (D—Z),

198 2059 359 2099 biennio
383 2060 476 2111 post
499 2053 568 2113 (ed
591 2059 675 2098 min
699 2073 727 2112 p
749 2056 794 2115 1)
819 2061 948 2101 tribus
973 2062 1039 2102 vel
1058 2063 1235 2115 quinque
1258 2064 1373 2104 libris
1399 2058 1475 2119 (M
1475 2063 1523 2104 N
1526 2063 1560 2104 0
1569 2057 1712 2118 [KLD
1737 2075 1786 2103 ex

200 2138 343 2179 genere
384 2124 561 2165 Mediceo
604 2126 798 2183 exemp-tis
839 2127 1098 2180 familiaeque
1134 2129 1342 2170 Parisinae
1383 2129 1530 2170 additis
1579 2128 1786 2170 duodecim

199 2192 283 2232 fere
321 2191 392 2243 qui
425 2191 755 2242 relinquebantur
790 2194 992 2233 communi
1027 2195 1189 2236 nomine
1225 2196 1557 2249 comprehendere
1593 2208 1673 2236 non
1702 2195 1786 2235 iam

202 2269 321 2299 ausus
350 2258 393 2297 in
425 2258 615 2309 quattuor
643 2269 781 2297 rursus
811 2258 988 2313 familias
1015 2260 1237 2313 dispescere
1262 2262 1361 2303 satis
1384 2262 1538 2313 habuit,
1567 2261 1785 2302 Mediceam

202 2318 300 2379 (D),
338 2322 872 2376 Vaticano-Gottingensem
902 2318 1303 2383 (EFGHHKLJ),
1332 2325 1785 2370 Palatino-Caesaream

202 2384 500 2445 (PQRSTU),
529 2389 934 2430 Parisino-Venetam
965 2385 1030 2445 (V
1050 2404 1141 2432 cum
1172 2393 1416 2446 apographis
1448 2388 1616 2448 x—Z).
1678 2390 1785 2438 Quas

202 2455 337 2508 copias
368 2456 615 2496 abundantes
646 2456 716 2508 qui
745 2457 838 2508 post
866 2468 959 2496 eum
988 2456 1153 2497 fuerunt
1182 2458 1312 2499 critici
1342 2459 1524 2512 plerique
1559 2460 1620 2499 ita
1654 2458 1783 2498 immi-

202 2521 390 2573 nuebant,
418 2523 466 2562 ut
497 2522 675 2563 codicum
698 2520 785 2561 AB
794 2520 874 2562 01)
906 2522 977 2561 aut
1000 2520 1138 2563 ABD
1169 2526 1241 2564 aut
1264 2523 1353 2564 AB
1385 2526 1456 2564 aut
1480 2524 1521 2565 Β
1547 2524 1784 2564 auctoritate

201 2587 296 2628 freti
325 2587 541 2629 deteriores
572 2600 685 2640 quos.
702 2587 862 2640 quidem
892 2599 976 2627 esse
1002 2587 1064 2638 Ty
1088 2588 1310 2630 Mommsen
1339 2590 1535 2631 voluisset
1564 2590 1646 2630 fere
1677 2601 1782 2642 sper·

320 2726 354 2774 ·)
377 2725 469 2763 Post
490 2726 715 2764 Mommseni
739 2737 848 2763 curas
872 2724 940 2772 qni
963 2724 1210 2762 innotuerunt
1234 2726 1384 2764 codices
1408 2738 1532 2774 paene
1557 2738 1686 2765 omnes
1713 2726 1783 2762 mi-

201 2774 304 2811 noris
328 2774 505 2811 videntur
529 2786 611 2812 esse
635 2774 750 2823 pretii
780 2774 908 2822 (Wien
932 2771 1056 2810 Studd
1080 2777 1115 2820 4,
1142 2777 1248 2820 1882,
1273 2778 1346 2810 224
1365 2775 1565 2819 ss,‹Phi101
1589 2780 1651 2821 64,
1679 2778 1783 2821 1895,

203 2826 273 2859 274
292 2834 347 2867 ss;
382 2821 423 2859 cf
449 2822 568 2859 etiam
590 2822 793 2860 Nouvelles
818 2821 997 2859 Ateliives
1029 2821 1096 2858 des
1126 2820 1219 2857 Mina
1250 2821 1422 2858 scientiff
1447 2824 1487 2859 et
1516 2823 1582 2860 litt
1611 2823 1646 2860 11
1676 2822 1782 2859 Paris

204 2874 296 2907 1892
321 2881 348 2917 p
368 2873 400 2907 7.
427 2874 484 2907 53.
512 2874 592 2909 196.
618 2873 714 2919 296).
763 2870 820 2908 De
845 2870 916 2908 cod
940 2868 1017 2906 ναι
1041 2881 1086 2917 gr
1110 2873 1179 2906 91⁶
1205 2869 1267 2917 (a)
1292 2868 1390 2905 Pind
1416 2869 1447 2907 ο
1472 2870 1508 2906 11
1525 2875 1572 2907 43
1590 2870 1719 2907 -VH
1733 2873 1780 2906 ao

203 2917 421 2955 continente
444 2918 571 2955 Philol
595 2922 654 2965 56,
679 2923 786 2966 1897,
811 2918 904 2956 93¹².

1450 2977 1497 3013 10
