2014 3360
290 176 340 210 IV
942 179 1136 211 PRAEFA
1144 179 1199 210 Τ]
1198 178 1227 210 Ο

283 286 561 345 praesertim
580 288 845 339 obscuratos,
869 289 1038 329 iterum
1057 284 1271 348 cognovit
1295 289 1341 327 et
1364 299 1422 327 ex
1442 285 1716 328 scholiorum
1734 300 1871 343 quam

287 363 434 417 parat
456 362 717 402 recensione
740 358 974 416 quidquid
993 357 1111 401 scire
1135 356 1399 415 cupiveram
1425 358 1678 401 liberaliter
1703 372 1871 403 mecum

291 431 653 480 communicavit.

413 505 514 547 Iam
540 518 563 546 e
586 504 789 561 Bergkii
810 502 1150 561 prolegomenis
1175 505 1500 559 apparatuque
1522 502 1679 545 critico
1700 517 1752 545 ea
1759 503 1873 561 fere

294 576 536 619 retinenda
573 575 706 624 duxi,
745 590 862 633 quae
899 578 944 618 et
973 577 1173 632 propria
1207 573 1414 631 Bergkii
1445 588 1525 616 nec
1563 574 1663 618 viro
1686 579 1875 633 praeter

293 653 459 692 ceteros
478 648 720 706 ingenioso
745 649 948 706 indigna
972 662 1066 691 esse
1086 646 1369 695 viderentur,
1395 646 1591 704 reliquis
1610 651 1696 690 aut
1714 647 1873 691 deletis

295 725 381 764 aut
403 735 551 764 meum
578 721 630 764 in
657 735 793 764 usum
819 719 1026 763 mutatis.

413 794 502 836 Sed
530 793 809 851 priusquam
848 793 1018 836 librum
1057 806 1079 834 e
1116 792 1330 834 manibus
1367 790 1612 841 dimittam,
1648 805 1719 836 eos
1752 795 1874 836 viros

293 866 480 911 honoris
510 880 650 909 causa
678 864 917 908 nominare
940 870 1034 922 par
1060 868 1137 915 est,
1166 878 1276 921 quos
1301 864 1354 906 de
1378 863 1462 906 lzac
1487 864 1685 907 editione
1709 868 1876 922 optime

294 939 481 983 meritos
514 953 609 981 esse
639 938 879 996 confitear:
927 935 1023 980 VV
1046 937 1151 979 DD
1183 936 1458 994 Augustum
1497 927 1760 980 Wilmanns
1789 927 1874 981 Bi·-

295 1011 537 1055 bliotlzecae
562 1005 743 1068 Regiae
773 1008 1107 1060 Berolinensis,
1152 1008 1363 1052 Carolum
1389 1008 1524 1052 Fulzr
1548 1012 1594 1051 et
1616 1011 1654 1053 C
1651 1009 1875 1053 onradum

295 1083 478 1128 Miiller
514 1082 826 1132 Ioachimicae‚
864 1081 1140 1140 Markgraf
1167 1080 1505 1138 Redigeranae,
1550 1081 1742 1125 Ceriani
1767 1081 1876 1125 Am·

296 1158 546 1208 brosianae‚
578 1157 821 1212 Rostagno
852 1155 1216 1203 Laurentianae,
1247 1153 1413 1211 Bollig
1444 1153 1512 1210 (†)
1539 1158 1584 1196 et
1615 1153 1779 1198 Carini
1809 1154 1876 1211 (†)

311 1228 559 1272 Vaticanae
609 1231 695 1271 aut
741 1227 1003 1285 praefectos
1062 1229 1148 1269 aut
1201 1226 1454 1278 adiunctos,
1510 1225 1707 1283 denique
1754 1226 1877 1271 viros

296 1300 665 1349 humanissimos,
702 1303 785 1357 qui
822 1298 1132 1343 Bibliothecae
1175 1298 1425 1341 Caesareae
1471 1298 1805 1342 Vindobonensi
1833 1303 1880 1343 et

297 1373 604 1418 Bibliothecae
623 1370 880 1415 Nationali
899 1370 1165 1414 Parisiensi
1183 1374 1426 1429 praesunt,
1452 1385 1648 1428 quorum
1675 1370 1877 1415 omnium

296 1445 617 1490 liberalitatem
635 1444 782 1503 fidem
801 1444 1149 1502 indulgentiam
1169 1447 1311 1501 grato
1337 1443 1493 1486 animo
1512 1447 1737 1502 expertus
1757 1459 1874 1487 sum.

299 1518 409 1562 Alii
439 1532 609 1561 rursus
643 1517 901 1561 studiorum
939 1517 1145 1560 laborum
1182 1530 1403 1560 curarum
1437 1515 1650 1559 societate
1676 1516 1879 1572 fideliter

297 1595 508 1649 suscepta
539 1603 608 1634 me
638 1589 934 1638 adiuverunt,
966 1603 1158 1646 quorum
1185 1590 1374 1632 nomina
1397 1587 1572 1645 passim
1598 1587 1650 1631 in
1671 1589 1880 1647 prolego-

299 1663 445 1708 menis
491 1665 918 1719 commentariisque
964 1665 1077 1705 meis
1118 1661 1265 1704 allata
1306 1659 1526 1703 invenies.
1574 1661 1633 1703 In
1666 1659 1880 1718 plagulis

297 1735 586 1794 corrigendis
622 1735 850 1778 sollertem
892 1739 1077 1792 operam
1112 1732 1234 1776 mihi
1261 1735 1608 1790 praestiterunt
1654 1731 1751 1775 VV
1760 1733 1871 1776 DD.

306 1809 501 1853 Crusius
526 1808 832 1851 Draclzmann
859 1806 1005 1855 Fulzr,
1032 1820 1054 1848 e
1079 1805 1244 1862 quibus
1268 1804 1577 1848 Draclzmann
1603 1818 1755 1848 omnes
1769 1805 1881 1863 fere

298 1896 419 1925 meas
444 1893 582 1924 curas
606 1895 719 1923 suas
744 1894 837 1923 esse
857 1879 1017 1922 voluit.

418 1942 615 1999 Propter
657 1943 891 1997 insignem
934 1943 980 1982 et
1014 1938 1201 1982 librarii
1237 1938 1503 1996 Lipsiensis
1527 1942 1572 1981 et
1607 1952 1763 1981 eorum
1799 1941 1881 1995 qui

298 2013 634 2064 Bibliothecae.
652 2012 900 2056 Vaticanae
931 2027 1057 2055 nunc
1082 2014 1314 2069 praesunt
1345 2010 1668 2054 liberalitatem
1689 2010 1880 2068 factum

300 2090 378 2135 est,
430 2090 486 2129 ut
533 2084 639 2127 huic
689 2083 916 2128 volumini
954 2083 1359 2142 praestantissimi
1409 2082 1574 2126 codicis
1632 2082 1882 2126 Ursiniani

301 2159 327 2214 (
337 2159 434 2202 Vat.
447 2172 525 2215 gr.
547 2160 677 2209 1312)
698 2157 822 2215 folii
851 2160 929 2201 ,26Γ
960 2156 1098 2199 Pind.
1123 2155 1164 2199 O
1193 2156 1283 2198 III
1299 2158 1415 2198 1—6
1448 2155 1575 2212 vulg.
1597 2169 1698 2197 cum
1730 2154 1881 2197 scholl-

300 2229 579 2274 continentis
616 2232 772 2287 imago
806 2229 1169 2287 photographice
1205 2233 1423 2286 expressa
1461 2227 1734 2275 adderetur:
1762 2226 1886 2283 quod

301 2309 417 2360 opus
449 2306 504 2345 ut
533 2316 670 2358 quam
703 2301 1046 2345 accuratissime
1074 2301 1383 2360 perficeretur,
1417 2303 1588 2357 rogatu
1621 2313 1715 2342 meo
1742 2301 1883 2342 amice

300 2389 348 2418 se
372 2377 658 2432 interposuit
680 2374 810 2417 Frid.
837 2374 977 2432 Spiro
1006 2374 1501 2417 Berolzno·Romanus.

423 2495 675 2539 Scribebam
701 2494 922 2538 Berolini
1694 2490 1748 2534 0.
1771 2490 1822 2535 S.

418 2567 571 2625 primo
597 2581 699 2610 vere
723 2568 790 2610 M
796 2567 834 2609 C
835 2568 905 2610 M.
