2014 3360
765 209 1140 250 PROLEGOMENA
1163 210 1217 248 111
1726 210 1786 255 53

194 327 342 370 ‹31oeoe
377 327 437 368 tx
467 321 577 384 477)
613 326 735 368 evicit
771 325 910 380 Unger
946 319 1060 381 (Phil
1091 326 1162 376 37,
1195 325 1325 376 1877,
1351 319 1543 381 v1—42‘22),
1586 327 1628 366 ot
1662 338 1786 367 verno

107 392 109 394 ’
192 395 374 447 tmpore
403 387 559 446 Bergk⁴
589 391 666 433 add
697 404 786 434 corr
814 405 843 444 p
863 387 1015 448 -483*)
1047 391 1212 444 collegit
1235 404 1256 432 e
1281 390 1392 432 schol
1415 390 1519 431 Pind
1542 391 1584 431 N
1607 390 1672 430 ΠΙ
1699 392 1784 432 147

192 454 240 517 (p
273 461 360 501 110
390 453 488 515 Ab),
517 458 623 499 unde
654 459 868 512 appareret
898 459 1004 499 inter
1033 458 1329 510 Megarensium
1361 456 1478 498 ludos
1507 456 1676 509 Pythios
1707 451 1786 512 (sic

101 515 105 519 ’
189 528 299 568 recte
335 524 410 567 cod
448 525 500 576 V,
542 521 818 578 προ[άγεται]
863 525 1011 565 omisso
1048 524 1209 565 nomine
1248 523 1358 573 BD,
1401 521 1611 564 Διοκλεῖα
1653 523 1786 564 voluit

127 633 130 635 Α
190 586 346 648 Bergk)
377 594 419 632 et
442 590 755 644 Epidauriorum
783 589 1017 643 Asclepieos
1047 589 1235 631 incidisse
1264 589 1453 630 Isthmia:
1482 587 1536 629 τὰ
1562 586 1784 639 Μεγαρικὰ

191 652 276 714 (em
299 657 474 709 Boeckh,
505 655 716 698 Διοκλεῖα
746 656 988 698 subaudiens
1019 656 1128 708 expll
1155 657 1254 707 176,
1285 654 1451 706 μέγαρα
1476 649 1596 710 codd)
1621 653 1670 696 δὲ
1691 652 1783 697 Πύ-

190 726 263 766 θια
293 719 444 773 ἄγεται
472 720 637 765 εὐθέως
669 719 799 773 ἔαρος
829 719 1088 774 ἀρχομένου.

310 790 598 838 Nemeaeum
629 790 830 830 certamen
859 790 1038 841 primum
1062 790 1197 828 actum
1221 800 1306 829 esse
1331 788 1371 829 ol
1392 788 1461 838 51,
1481 788 1520 828 4.
1541 786 1627 828 5⁷3
1660 786 1783 828 Euse-

188 857 279 897 bius
303 850 390 912 (sec
413 868 504 897 vers
529 850 699 911 armen),
723 855 764 895 ol
785 856 855 906 52,
877 857 899 895 1
927 855 1199 907 Hieronymus
1226 855 1366 895 auctor
1390 856 1452 895 est
1475 848 1522 909 (p
1544 854 1706 895 94—95
1724 848 1782 909 S).

189 920 260 963 καὶ
290 919 375 963 ἔετι
405 920 573 972 τριετὴε
604 916 766 976 (ἀγὼν)
797 918 1060 970 τελούμενος
1092 919 1192 972 μηνὶ
1216 919 1409 974 Πανέμῳ
1437 917 1781 974 ὀκτωκαιδεκάτῃ

190 982 348 1043 (omnes
378 990 426 1029 ut
454 983 642 1028 videntur
673 987 773 1028 codd
802 987 886 1039 hyp
916 986 1022 1027 Pind
1052 987 1157 1028 Nem
1192 986 1219 1039 ξ
1252 988 1279 1027 4
1309 1001 1337 1039 p
1372 988 1447 1037 11,
1477 987 1532 1026 13
1564 986 1646 1037 Ab,
1685 987 1784 1027 item

190 1053 216 1106 ἓ
244 1055 269 1095 5
301 1068 328 1107 p
357 1055 426 1106 13,
452 1055 477 1094 7
509 1053 573 1094 Ab
604 1053 647 1094 D
662 1054 701 1094 V
734 1066 826 1094 cum
860 1065 950 1094 rece
986 1050 1072 1105 [om
1100 1051 1181 1106 B],
1221 1052 1292 1093 ubi
1322 1065 1343 1093 e
1374 1052 1638 1093 deterioribus
1668 1052 1782 1093 libris

188 1122 270 1161 tres
297 1120 427 1162 TUZ
454 1133 664 1160 numerum
695 1114 754 1168 ιβ’
785 1119 984 1171 exhibent,
1015 1121 1186 1171 utroque
1214 1120 1301 1160 loco
1333 1113 1392 1169 ιβ’
1417 1118 1466 1159 ed
1490 1113 1625 1175 Rom).
1682 1118 1782 1159 Con·

187 1186 347 1227 fimare
383 1186 491 1227 diem
521 1186 660 1227 XVIII
695 1185 857 1227 videtur
892 1186 1003 1228 schol
1035 1185 1139 1226 Pind
1170 1185 1203 1227 O
1229 1185 1310 1225 Vn
1337 1186 1421 1225 147
1454 1184 1503 1225 de
1535 1184 1783 1225 Rhodiorum

186 1249 384 1294 Ἁλιείοιε
415 1252 550 1294 dicens
581 1252 766 1293 τελεῖται
797 1250 932 1304 μηνὸς
958 1250 1190 1303 Γορπιαίου
1219 1249 1386 1304 εἰκοστῇ
1417 1247 1600 1304 τετάρτῃ
1631 1248 1781 1303 ἡμέρᾳ,

188 1314 343 1370 ἀπέχει
373 1317 422 1360 δὲ
454 1319 544 1359 τῶν
578 1317 757 1368 Νεμέων
787 1317 964 1370 ἡμέραι(
995 1316 1053 1360 ἕξ.
1114 1318 1314 1358 Panemus
1345 1318 1387 1358 et
1418 1315 1639 1368 Gorpiaeus
1670 1330 1779 1357 men-

187 1397 250 1426 ses
288 1398 533 1437 quamquam
569 1384 714 1437 quibus
751 1398 773 1425 e
809 1385 927 1425 fastis
964 1384 1117 1437 sumpti
1154 1385 1237 1424 sint
1272 1385 1344 1424 aut
1380 1384 1518 1422 utmm
1554 1395 1603 1423 ex
1637 1382 1781 1423 iisdem

187 1463 311 1492 necne
343 1452 451 1492 certo
483 1452 578 1492 sciri
607 1445 835 1507 nequitu),
864 1452 1002 1491 tamen
1030 1452 1126 1503 post
1148 1449 1303 1503 Ungeri
1333 1448 1468 1489 studia
1497 1449 1541 1488 in
1570 1447 1634 1489 his
1661 1461 1779 1500 quae·

187 1518 385 1558 stionibus
416 1512 708 1573 cossocata“*)
740 1517 885 1558 aestivi
914 1517 1039 1558 fuisse
1069 1517 1214 1557 merito
1245 1514 1472 1556 creduntur.
1534 1514 1659 1566 Idem,
1690 1526 1781 1555 cum

188 1585 307 1623 antea
347 1582 505 1634 Νέμεια
541 1580 778 1634 χειμερινά,
819 1596 922 1635 quae
954 1596 978 1622 a
1008 1582 1116 1624 Paus
1145 1582 1189 1622 H
1216 1582 1284 1632 15,
1304 1582 1344 1632 3,
1374 1580 1435 1621 VI
1462 1581 1531 1631 16,
1550 1581 1578 1620 4
1610 1592 1779 1621 comme-

186 1651 407 1700 morantur,
438 1637 662 1701 antiquitus
687 1651 777 1688 acta
806 1651 847 1689 et
876 1650 919 1688 in
943 1649 1119 1700 priorem
1144 1646 1386 1700 olympiadis
1410 1648 1568 1699 partem
1592 1646 1779 1688 incidisse

185 1716 444 1768 putarentur,
485 1715 568 1754 iam
604 1714 771 1754 hiberna
806 1715 959 1755 Nemea
997 1714 1196 1754 Hadriani
1234 1713 1394 1754 demum
1429 1713 1678 1765 temporibus
1717 1714 1778 1754 in-

186 1782 368 1822 staurata
416 1792 501 1821 esse
550 1781 751 1834 plerisque
801 1782 1012 1834 persuasit.
1080 1781 1237 1821 Notatu
1281 1779 1448 1832 dignum
1489 1779 1779 1832 populiscitum

306 1919 338 1962 “)
369 1919 493 1956 Idem⁴
515 1930 542 1966 p
567 1922 637 1955 482
669 1930 716 1955 ex
742 1918 842 1955 Pind
865 1918 884 1955 1
907 1919 925 1954 I
951 1922 1043 1956 1—8
1076 1918 1232 1966 collegit
1262 1918 1423 1955 Isthmia
1455 1917 1656 1965 aliquanto
1688 1919 1778 1956 ante

104 1987 106 1989 ·
186 1968 384 2006 Deliacum
409 1968 600 2004 certamen
624 1966 904 2003 nobilissimum
922 1967 937 2002 i
958 1978 979 2003 e
999 1969 1088 2004 ante
1107 1966 1402 2014 Thargelionem
1419 1977 1588 2002 mensem
1606 1966 1777 2003 Atticm

186 2016 380 2054 ineuntem
406 2016 493 2052 acta
517 2025 599 2051 esse
619 2014 674 2061 (cf
693 2014 767 2051 Car
784 2014 928 2051 Robert
946 2014 1062 2051 Herm
1082 2018 1141 2060 21,
1163 2018 1243 2061 161,
1270 2025 1320 2060 ap
1345 2014 1429 2050 Lud
1448 2013 1591 2050 Preller
1609 2013 1627 2049 1
1646 2015 1776 2063 246s46

186 2077 213 2102 n
238 2069 262 2101 4
292 2066 332 2101 et
361 2062 482 2100 Jahrb
507 2062 684 2099 archaeol
713 2062 827 2099 Instit
850 2062 887 2098 V
911 2066 981 2099 224
1013 2074 1039 2098 n
1065 2064 1135 2109 11).
1187 2061 1288 2106 Quid
1318 2062 1351 2098 si
1383 2072 1536 2097 carmen
1566 2061 1777 2109 Deliacum,

186 2113 228 2150 in
252 2123 327 2159 quo
353 2111 549 2149 condendo
573 2111 689 2158 poeta
713 2110 920 2156 occupatus
940 2111 1034 2155 erat,
1060 2109 1213 2146 omnino
1233 2120 1304 2146 nec
1322 2109 1409 2146 Deli
1426 2120 1498 2146 nec
1516 2109 1627 2145 statis
1647 2111 1776 2156 sacris,

187 2172 317 2199 verum
347 2161 388 2198 ἐν
420 2161 499 2207 Κέῳ
532 2154 742 2205 ἀμφιρύτῖ
754 2160 824 2205 (8),
858 2158 1068 2205 posteriore
1103 2158 1304 2194 dumtaxat
1335 2168 1452 2204 quam
1485 2157 1586 2194 inter
1610 2156 1704 2195 Ceos
1737 2160 1777 2195 et

187 2210 395 2247 Pindarum
413 2207 639 2245 convenerat
659 2206 841 2254 temporis
860 2207 1002 2253 puncto
1022 2205 1234 2254 agebatur?
1260 2209 1319 2242 καὶ
1338 2209 1493 2251 ὕστερον
1512 2207 1567 2242 col
1589 2206 1635 2252 (ὡ
1655 2208 1773 2254 Δήλε)

186 2260 298 2295 πάλιν
327 2259 397 2294 τὸν
428 2256 593 2294 ἐπίνικον
625 2254 708 2302 (scil
739 2256 807 2291 τὸν
833 2256 1040 2302 Δηλιακὸν)
1071 2256 1255 2291 ἀποδώεω
1281 2253 1387 2290 schol
1413 2258 1453 2299 9,
1484 2255 1529 2290 ut
1560 2253 1721 2291 victoria
1752 2265 1776 2291 a

188 2306 274 2344 Cois
305 2305 365 2343 vel
396 2316 420 2341 a
449 2303 607 2341 Ceorum
638 2302 768 2349 aliquo
806 2313 852 2339 ex
883 2302 1000 2339 sacris
1031 2302 1199 2339 Deliacis
1233 2302 1528 2339 Anthesterione
1558 2313 1689 2339 mense
1721 2302 1776 2350 (id

187 2355 292 2402 quod
322 2354 370 2390 de
400 2351 614 2400 Apolloniis
644 2350 799 2397 quidem
831 2351 998 2396 constat;
1030 2350 1071 2387 cf
1097 2350 1272 2387 Homolle
1304 2349 1415 2387 BCH
1446 2349 1534 2387 XIV
1559 2353 1664 2396 1890,
1689 2351 1775 2398 493)

187 2401 398 2441 commissis
428 2402 624 2448 reportata.
655 2409 736 2435 esse
766 2398 951 2435 videatur.
1002 2397 1077 2435 Sed
1107 2400 1152 2434 ut
1183 2398 1365 2435 erraverit
1389 2397 1496 2435 schol
1521 2402 1542 2435 9
1568 2398 1775 2445 epinicium

188 2451 329 2497 dicens,
355 2462 442 2487 cum
465 2459 651 2497 paea-nem
675 2446 873 2484 Deliacum
900 2446 977 2483 dici
1002 2447 1194 2493 oporteret
1218 2448 1295 2493 (sec
1321 2446 1427 2483 schol
1451 2446 1553 2482 inscr
1576 2457 1603 2493 p
1629 2450 1711 2492 256,
1729 2450 1774 2483 10

187 2499 278 2547 Ab):
303 2499 346 2536 id
370 2499 520 2535 constat
543 2497 639 2533 nihil
665 2506 746 2533 esse
772 2507 838 2532 cur
863 2494 910 2531 de
935 2494 1102 2532 carmine
1126 2494 1167 2531 in
1186 2493 1306 2531 Deliis
1327 2495 1395 2531 aut
1413 2494 1454 2531 in
1473 2494 1686 2540 Apolloniis
1707 2495 1774 2530 aut

187 2548 354 2594 denique
377 2547 418 2583 in
436 2545 532 2582 Delo
556 2544 682 2582 insula
706 2543 854 2592 agendo
875 2542 1094 2590 cogitemus.
1132 2541 1234 2578 Nam
1253 2542 1357 2588 quod
1375 2541 1576 2590 (probante
1589 2541 1773 2589 Bergkio⁴

186 2607 213 2644 p
231 2599 302 2633 482
328 2607 355 2632 n
374 2597 410 2642 1)
435 2594 540 2631 schol
565 2597 586 2630 6
612 2595 651 2641 (p
677 2596 758 2637 358,
780 2595 896 2628 7-10
921 2590 995 2674 Abg
1027 2590 1206 2636 opinatur
1237 2590 1444 2627 Isthmiaca
1476 2590 1569 2627 civis
1600 2589 1773 2626 Thebani

187 2643 348 2682 victoria
370 2643 690 2691 praeoccupatum
712 2642 867 2688 poetam
891 2650 915 2676 a
942 2650 968 2674 u
1019 2637 1113 2675 Ceos
1137 2637 1339 2685 proludere
1363 2649 1551 2684 paeanem
1575 2637 1773 2675 Deliacum

186 2693 321 2739 (Χαῖρ’,
348 2694 381 2729 ὦ
399 2692 589 2736 θεοδμάτα
610 2690 646 2727 fr
665 2691 725 2737 87)
750 2688 844 2725 satis
867 2688 919 2724 ha
946 2686 1059 2732 uisse,
1082 2687 1127 2722 ut
1145 2686 1296 2730 ἀεχολία
1314 2698 1337 2723 v
1356 2690 1377 2722 2
1404 2686 1455 2723 sit
1479 2686 1553 2723 iter
1575 2686 1772 2723 Deliacum

187 2741 228 2778 et
251 2743 351 2778 εἶξον
375 2740 618 2777 ὠπολλωνιάε
641 2739 657 2775 i
681 2750 706 2785 q
732 2737 868 2774 ‘liceat
897 2735 973 2783 ipsi
1003 2733 1099 2771 mihi
1136 2733 1268 2770 abesse
1307 2744 1331 2770 a
1367 2734 1482 2771 choro
1518 2745 1604 2771 meo
1636 2733 1771 2770 Delum

189 2788 423 2833 accedente’,
447 2787 490 2824 id
512 2787 609 2824 mihi
627 2786 782 2833 quidem
805 2795 940 2832 parum
963 2781 1162 2831 probabile
1186 2781 1346 2818 videtur.

309 2836 362 2884 *Ἴ
386 2835 540 2872 Boeckh
567 2835 610 2872 kl
634 2833 776 2872 Schrift
799 2832 835 2870 V
854 2836 923 2870 193
937 2844 990 2877 ss,
1021 2829 1114 2868 CIG
1131 2829 1166 2865 Π
1190 2841 1215 2876 p
1235 2833 1318 2875 892,
1344 2828 1582 2865 Schoemann
1606 2829 1709 2865 Proll
1730 2829 1771 2865 in

189 2882 278 2920 Plut
386 2883 516 2920 Cleom
542 2887 634 2920 1839
659 2895 685 2930 p
712 2886 757 2919 38
771 2894 820 2928 ss,
844 2878 1014 2918 Bischoff
1033 2878 1149 2925 Leipz
1173 2876 1297 2914 Studd
1321 2875 1391 2913 VII
1410 2878 1533 2924 (1884)
1560 2879 1640 2913 373.

307 2931 346 2952 ’·
402 2931 490 2968 Phil
515 2934 562 2968 84
586 2931 770 2980 (1875]76)
795 2933 842 2966 50
854 2941 903 2977 ss,
928 2932 973 2965 37
1000 2929 1122 2976 (1377)
1144 2929 1226 2972 524,
1252 2924 1401 2973 Sitzgsb
1426 2923 1568 2961 Mfinch
1586 2924 1648 2960 Ak
1675 2927 1766 2961 1879

188 2977 223 3015 11
249 2982 330 3026 1⁶4,
355 2978 442 3016 Phil
466 2983 513 3018 46
538 2979 722 3027 (1887]88)
746 2981 828 3015 336.
