2014 3360
769 217 1017 258 INOERTAE
1043 216 1179 255 SEDIS
1680 215 1769 261 453

309 329 410 367 Pam
433 330 487 366 ΠΙ
510 332 569 375 26,
589 332 627 365 2:
659 328 724 366 eici
757 327 798 366 δὲ
829 327 865 365 οἳ
896 328 1052 374 (ιληνὸν
1083 329 1125 364 ἑκ
1155 327 1307 364 Μαλέας
1337 326 1495 363 ἐλθόντα
1525 325 1688 362 ἐνταῦθα
1713 327 1769 363 λέ·

189 391 316 425 γουςιν
341 380 499 425 οίκῆςαι·
524 380 716 424 τραφῆναι
742 378 808 422 μὲν
834 378 881 422 δὴ
906 377 975 412 τὸν
994 376 1150 421 (ιληνὸν
1175 376 1216 412 ὲν
1239 379 1287 422 τῇ
1310 375 1440 422 Μαλέᾳ
1466 376 1572 419 δηλοῖ
1597 375 1658 411 καὶ
1676 375 1767 411 τάδε

190 429 229 466 ἐξ
266 430 427 475 ᾄςματος
460 426 670 471 Πινδάρου·
710 426 731 461 ό
763 426 958 469 ζαμενὴς
1067 423 1255 460 ἀκοίτας
1291 423 1489 467 (ιληνός.
1540 423 1592 459 ὡς
1627 423 1670 458 δὲ
1707 424 1769 460 καί

189 477 379 522 Πύρριχος
404 476 523 518 ὄνομα
546 475 595 519 ἦν
621 474 725 520 αὐτῷ
749 473 930 519 Πινδάρῳ
956 472 1023 516 μὲν
1048 473 1118 508 οὐκ
1143 472 1239 508 ἔςτιν
1264 470 1470 516 εἰρημένον,
1495 470 1640 512 λέγουςι
1666 471 1707 506 δὲ
1732 470 1770 507 01

189 525 274 607 πει
297 520 926 607 ‘Qfflffitfssssffla‘ssmff‘fg
951 517 1768 604 ffit¹÷1223202sszffssfflffifflpzrg

191 573 392 665 ιὸιελέεγίρος
404 597 575 665 Διιςθϋςῖ,
595 618 839 661 Μαλεάγονος
852 580 1139 661 Οαπιοητίαζω
1159 579 1380 660 χΐοξοιτύπος
1397 616 1442 650 ut
1460 615 1560 650 esset
1571 595 1768 661 Bam-‘husi

191 668 341 704 Μαλέας
372 669 459 712 ὄρος
490 668 568 703 rest.
591 664 847 701 Wilamowitz
877 663 994 702 Herm
1013 667 1076 709 38,
1105 666 1215 707 1898,
1248 666 1335 707 5163
1367 662 1415 698 de
1445 672 1486 698 re
1518 661 1693 698 Meineke
1719 662 1768 698 ad

194 714 312 762 Steph
327 714 405 761 Byz
423 717 483 759 42,
498 717 541 750 15
616 714 788 759 Εειληνός
813 712 979 749 edebant
998 723 1018 748 0
1031 711 1222 748 Boeckhio
1235 710 1290 758 (ef
1310 710 1550 747 Kretschmer
1569 722 1613 758 gr
1625 709 1768 747 Vasen·

192 762 320 800 insohr
341 763 437 810 132),
464 761 593 810 glossa.
616 761 767 798 videtur
790 772 872 798 esse
897 759 1073 798 christio.

857 882 941 927 157
975 881 1103 942 (128)

477 983 659 1003 -υ--υ
706 982 887 1002 -υυ-
934 983 1117 1002 νυ...-

478 1057 525 1063 -.
537 1044 827 1062 υυυυυυ
839 1056 887 1062 .-

479 1123 516 1168 ὦ
545 1124 680 1169 τάλας
711 1124 915 1180 ἑφάμερε,
947 1125 1079 1179 νήπια
1112 1122 1252 1179 βάζεις

479 1195 675 1252 χρήματά
706 1211 777 1251 μοι
807 1198 1083 1256 διακομπέαιν

311 1303 424 1340 Schol
454 1303 559 1340 Arist
588 1303 692 1340 nubb
711 1307 798 1340 223:
830 1305 1050 1350 περιέθηκεν
1081 1305 1150 1346 οῦν
1180 1304 1286 1350 αὐτῷ
1313 1301 1474 1350 (Socrati
1503 1302 1540 1338 τί
1568 1311 1615 1346 με
1639 1303 1771 1347 καλεῖς,

191 1354 223 1390 ὠ
252 1353 440 1399 ’φήμερεῂ
462 1355 535 1397 τὴν
556 1356 625 1388 τοῦ
650 1354 752 1397 παρὰ
771 1353 950 1399 Πινδάρῳ
971 1353 1147 1397 (ειληνοῦ
1173 1351 1319 1397 φωνήν.
1364 1352 1386 1387 ὁ
1404 1351 1477 1397 γάρ
1501 1361 1560 1387 τοι
1584 1349 1773 1395 Πίνδαρος

191 1401 455 1444 διαλεγόμενον
472 1400 654 1445 παράγων
677 1401 746 1436 τὸν
766 1400 942 1445 (Σειληνὸν
960 1404 1016 1447 τῷ
1037 1401 1212 1446 Ὀλύμπῳ
1236 1399 1435 1436 τοιούτους
1453 1399 1558 1445 αὐτῷ
1576 1398 1772 1443 περιέθηκε

191 1450 342 1492 λόγους·
375 1448 407 1483 ὦ
435 1448 651 1484 τάλας
674 1448 975 1492 διακομπέων.
1025 1447 1171 1484 Eadem
1195 1446 1289 1483 Suid
1313 1459 1336 1484 v
1361 1447 1393 1483 ῶ
1419 1447 1586 1492 ’φήμερε.
1636 1444 1772 1490 Βὶίὼγ-

190 1495 332 1533 rumbis
358 1494 469 1532 adeor
498 1495 683 1542 Hartung.
805 1497 973 1541 ἑφήμερε
997 1507 1017 1531 c
1043 1495 1296 1542 Aristophane
1331 1494 1452 1540 schol,
1484 1495 1648 1539 ἐφάμερε
1678 1492 1772 1529 Her-

191 1555 319 1590 mann,
344 1544 527 1589 ἑπάμερεῗ
554 1542 832 1588 Schneidewin3
857 1543 934 1590 prll
951 1543 1023 1579 11¹⁴
1093 1545 1202 1589 νήπιε
1226 1542 1328 1588 libri,
1354 1553 1437 1579 corr
1460 1541 1599 1579 Κύπρι·
1695 1543 1772 1579 δια-

192 1594 390 1638 κομπεύων
414 1593 492 1639 (om
516 1603 571 1636 χρ.
599 1603 632 1634 μ.
654 1593 747 1628 διακ.
766 1590 863 1639 Ven)
882 1590 958 1627 ΑΜ
977 1591 1082 1637 Suid,
1108 1593 1345 1636 διακομπέων
1369 1590 1563 1627 Hermann
1582 1601 1631 1637 ap
1650 1589 1771 1636 Heyn,

193 1640 429 1690 διακομπέψν
454 1638 616 1676 Boeokh.

862 1736 947 1781 158
981 1736 1108 1796 (129)

479 1826 573 1867 ταῖς
603 1822 750 1876 ἱεραῑςι
785 1821 993 1876 μελίςςαις
1024 1822 1225 1875 τέρπεται

314 1929 427 1974 Schol
451 1929 549 1966 Pind
567 1929 597 1965 P
613 1928 668 1966 IV
687 1932 771 1965 104:
796 1928 976 1973 μελίςςας·
1002 1928 1139 1974 κυρίως
1158 1929 1225 1973 μὲν
1242 1929 1311 1965 τὰς
1328 1931 1397 1973 τῆς
1414 1928 1622 1974 Δήμητρος
1640 1926 1775 1973 ἱερείας

193 1978 293 2024 φαςί,
319 1982 618 2024 καταχρηςτικῶς
642 1979 683 2015 δὲ
707 1979 767 2014 καὶ
789 1978 858 2014 τὰς
880 1977 996 2014 πάςας
1015 1977 1076 2013 διὰ
1098 1977 1145 2012 τὸ
1163 1980 1233 2013 τοῦ
1259 1977 1360 2023 ζῴου
1379 1977 1557 2022 καθαρόν.
1592 1975 1771 2020 μελίςςας·

193 2027 261 2062 τὰς
284 2027 367 2071 περὶ
391 2027 440 2062 τὰ
465 2029 546 2063 θεῖα
570 2028 630 2062 καί
656 2026 807 2070 μυςτικὰ
832 2025 1067 2062 διατελούςας
1090 2025 1240 2067 νύμφας
1264 2025 1325 2060 καὶ
1344 2023 1508 2067 μελίςςας
1531 2025 1672 2067 ἔλεγον.
1713 2025 1773 2060 καί

194 2075 350 2118 ἑτέρωθι
374 2075 396 2109 ὁ
422 2074 536 2110 αὐτός
559 2085 666 2119 φηςι·
691 2074 1077 2118 ταίς...τέρπεται
1096 2071 1231 2119 (GVX,
1256 2070 1407 2108 brevius
1483 2100 1490 2107 .
1541 2072 1653 2115 ἱεραῖς
1671 2070 1773 2115 libri,

193 2120 357 2157 Boeckh.
408 2120 463 2156 De
481 2118 641 2158 Meliss&
652 2121 780 2158 {ocum
803 2121 966 2159 Laeta-nt
989 2120 1067 2157 inst
1083 2119 1101 2155 I
1121 2123 1166 2155 22
1187 2118 1390 2165 adscripsit
1415 2118 1462 2155 Sc
1489 2118 1638 2163 neider;
1664 2117 1705 2153 cf
1722 2118 1775 2154 vit

194 2168 313 2204 Ambr
336 2168 386 2204 in.
436 2168 492 2204 De
517 2169 672 2205 Pindari
697 2170 738 2205 in
767 2169 1031 2216 Proserpinam
1060 2168 1201 2215 hymno
1228 2166 1276 2214 (fr
1295 2168 1355 2214 37)
1387 2166 1584 2214 cogitabat
1608 2165 1772 2213 Boeokh,

195 2217 242 2253 de
268 2215 508 2263 dithyrambo
533 2217 696 2266 phrygio
722 2217 770 2265 (fr
790 2221 845 2254 79.
873 2219 933 2265 80)
956 2217 1037 2266 (ἃ)
1060 2221 1142 2253 ταῖς
1164 2244 1173 2253 .
1187 2244 1195 2253 .
1213 2245 1219 2251 .
1245 2216 1396 2261 τέρπεαι
1422 2214 1612 2251 coniciens
1635 2213 1773 2261 Bergk.

859 2339 944 2383 159
977 2337 1103 2397 (132)

482 2421 654 2476 ἀνδρῶν
685 2422 862 2467 δικαίων
892 2421 1050 2478 χρόνος
1082 2424 1219 2476 ςωτὴρ
1251 2420 1417 2475 ἄριςτος

315 2541 415 2578 Dion
438 2539 551 2576 Halia
576 2540 622 2576 de
647 2542 792 2578 oraton·
817 2541 925 2587 antiq
949 2552 970 2577 ο
989 2545 1028 2577 2:
1061 2542 1153 2578 ἀλλὰ
1182 2541 1255 2586 γὰρ
1286 2540 1331 2575 οὐ
1358 2538 1472 2583 μόνον
1500 2537 1747 2581 ’ἀνδρῶν..
1764 2565 1772 2573 .

196 2589 390 2634 άριςτος’
418 2589 512 2625 κατὰ
536 2589 744 2634 Πίνδαρον,
779 2590 872 2625 ἀλλὰ
897 2591 956 2625 καὶ
980 2593 1126 2634 τεχνῶν
1151 2591 1227 2626 κτλ.
1324 2587 1446 2631 ςωτήρ
1466 2583 1696 2631 Dionysium
1719 2584 1774 2620 le-

197 2636 298 2684 gisse
323 2636 564 2674 confirmatur
588 2635 635 2672 iis
658 2646 759 2682 quae
785 2637 1002 2682 sequuntur.

943 2757 1030 2800 160

485 2843 710 2887 Θανόντων
740 2843 788 2886 δὲ
819 2842 889 2885 καὶ
919 2840 1041 2895 φίλοι
1071 2841 1281 2895 προδόται

320 2935 415 2973 Stob.
436 2935 506 2973 flor
527 2940 607 2980 126,
627 2941 647 2972 2
662 2935 728 2982 (IV
746 2948 772 2983 p
793 2939 860 2972 139
879 2934 997 2982 Mein)
1009 2927 1219 2981 Πινδάρου·
1245 2936 1483 2972 Θανόντων
1508 2935 1583 2969 κτλ.
1621 2930 1774 2978 Lemma.

203 2994 264 3019 om
289 2983 477 3029 Gaisford,
503 2995 523 3020 e
549 2984 619 3020 cod
644 2983 746 3020 Vind
771 2984 848 3020 add
873 2982 1057 3020 Meineke.
1155 2985 1216 3020 καὶ
1240 2984 1345 3028 λόγοι
1370 2983 1472 3029 φίλοι
1498 2980 1600 3026 Stob,
1625 2981 1729 3023 λόγοι
1754 2988 1775 3013 e
