2014 3360
231 2102 359 2143 IVII

752 201 1124 243 PROLEGOMENA
1148 204 1202 240 IV
1708 206 1764 250 73

393 318 473 359 nisi
504 317 611 370 quod
641 319 734 358 ante
766 316 935 358 alteram
965 318 1236 370 Isthmiacam,
1271 332 1354 360 non
1386 321 1572 372 apparet3
1610 320 1763 373 Euthy-

390 384 519 426 menis
554 382 727 436 denique
763 379 986 425 ‘avunmilf
1022 384 1282 426 Isthmiacam
1323 386 1536 426 victoriam
1571 386 1611 426 N
1642 386 1680 425 V
1706 388 1761 428 41

393 449 612 503 significari
634 444 678 506 (c
702 450 828 491 scholl
856 451 956 503 162,
977 452 1044 492 10.
1071 452 1172 503 458,
1192 446 1240 508 4)
1264 454 1372 493 recte
1396 454 1584 493 statuunt
1606 455 1766 504 praeter

392 516 630 570 Bergidum,
671 516 741 568 qui
770 516 893 558 verba
923 513 952 557 ἁ
985 515 1129 567 Νεμέα
1161 516 1239 567 μὲν
1272 514 1404 569 ἄραρε
1437 512 1536 574 (44)
1569 518 1620 558 ad
1650 519 1767 560 illum

393 595 516 634 quam
545 581 597 623 ad
626 582 824 635 Pytheam
857 583 1000 625 referri
1036 584 1205 625 mavult.
1269 583 1348 625 Sed
1381 585 1626 637 relinquitur
1661 585 1765 626 diffi-

393 648 522 690 cultas
557 648 756 701 quaedam
803 649 847 690 in
883 650 1015 690 verbis
1059 646 1222 701 ἄραντο
1259 647 1343 701 γὰρ
1381 648 1500 692 νίκας
1534 647 1623 692 ἀπὸ
1655 663 1765 702 παγ-

393 712 569 765 κρατίου
599 715 718 765 τρεῖς
748 710 828 756 ἀπ’
858 711 1031 766 Ἰςθμοῦ,
1062 713 1140 757 τὰς
1171 712 1218 757 δ’
1242 712 1322 756 ἀπ’
1348 713 1572 768 εὐφύλλου
1600 716 1766 767 Νεμέας

392 774 435 836 (Ι
458 780 518 822 VI
539 775 629 837 60),
660 781 804 834 quibus
835 782 1016 835 singulas
1047 796 1072 823 a
1102 783 1232 824 tribus
1257 783 1340 824 illis
1363 783 1650 835 pancratiastis
1674 798 1765 835 par·

392 849 456 889 tas
493 848 683 888 victorias
721 849 1022 890 commemorari
1059 849 1195 902 Bergk
1235 849 1473 890 arbitratur:
1518 850 1653 900 τρεῖς,
1693 851 1765 891 scil

391 911 472 964 τὴν
503 911 581 964 μὲν
610 913 854 966 Phylacidae
885 914 961 956 hoc
990 916 1080 967 ipso
1112 916 1287 956 carmine
1319 916 1579 967 celebratam,
1608 913 1686 958 τὰς
1715 914 1764 957 δὲ

391 979 631 1031 Nemeaeas‚
672 980 842 1021 alteram
877 980 1057 1034 Pytheae
1095 977 1155 1036 [N
1178 979 1257 1034 VJ,
1294 981 1464 1022 alteram
1500 982 1766 1034 Euthymenis

390 1045 518 1098 illam,
549 1045 598 1087 de
630 1059 710 1099 qua
740 1059 853 1088 secus
881 1048 997 1089 nobis
1021 1046 1151 1089 videri
1174 1047 1294 1089 modo
1318 1047 1502 1089 diximus.
1559 1047 1638 1088 Sed
1663 1062 1766 1100 quae

392 1114 454 1153 est
492 1113 573 1153 ista
608 1113 653 1153 in
689 1113 944 1155 veracissimo
980 1114 1189 1155 Musarum
1229 1113 1433 1156 sacerdote
1473 1127 1569 1155 vera
1608 1114 1765 1156 dicendi

390 1179 509 1230 ratio,
534 1192 614 1231 qua
633 1191 724 1220 cum
742 1193 865 1220 unam
882 1180 1095 1221 victoriam
1111 1180 1343 1233 praedicare
1366 1181 1429 1222 fas
1455 1180 1521 1232 sit,
1545 1183 1627 1222 ires
1650 1195 1765 1233 prae-

391 1243 518 1285 dicari
534 1258 616 1285 non
636 1244 764 1286 videri
786 1259 915 1298 paene
939 1259 1022 1300 non
1044 1247 1232 1298 possunt!
1263 1246 1417 1288 Deinde
1437 1246 1535 1299 quid
1554 1250 1641 1288 erat
1659 1247 1767 1299 quod

390 1310 587 1363 Argivam
609 1311 972 1364 breviloquentiam
996 1313 1255 1354 exercendam
1279 1313 1358 1369 sibi
1379 1316 1622 1366 proponeret
1645 1316 1767 1366 poeta

391 1377 435 1416 in
459 1377 640 1419 victoriis
665 1378 836 1431 singulis
861 1379 904 1419 in
929 1379 1108 1432 singulos
1134 1379 1428 1431 simplicissime
1453 1379 1766 1421 distribuendis?

395 1442 586 1495 Sequitur
616 1446 664 1484 ut
695 1445 870 1497 quinque
903 1447 975 1486 aut
1003 1445 1140 1497 plures
1170 1445 1361 1486 victorias
1391 1445 1550 1486 laudari
1587 1445 1766 1487 dicamus

393 1523 416 1549 a
446 1512 567 1562 poeta
595 1523 710 1551 suam
735 1511 877 1563 cuique
901 1511 1078 1552 tribuere
1103 1524 1185 1553 non
1208 1512 1338 1564 magis
1363 1511 1429 1551 hic
1454 1514 1619 1552 curante
1645 1526 1766 1564 quam

389 1576 570 1617 eiusdem
600 1577 786 1617 carminis
816 1590 870 1618 vv
897 1578 922 1618 3
943 1590 1001 1628 ss,
1039 1578 1109 1618 ubi
1139 1577 1240 1618 duas
1278 1579 1452 1618 crateras
1488 1578 1767 1630 triumphales,

390 1642 632 1683 Nemeaeam
668 1645 710 1683 et
745 1642 1022 1694 Isthmiacam,
1059 1644 1204 1684 tertiae
1242 1657 1363 1695 quam
1397 1643 1598 1685 desiderat
1628 1643 1765 1697 Olym-

390 1707 505 1760 picae
536 1721 737 1760 opponere
768 1709 868 1750 satis
898 1709 1041 1760 habet3
1073 1710 1116 1751 cf
1141 1709 1266 1750 etiam
1295 1702 1442 1763 κλεινᾷ
1473 1706 1518 1750 τ’
1542 1708 1595 1751 ἐν.
1617 1705 1762 1766 Ἰςθμῷ

390 1770 591 1824 τετράκις·
622 1771 842 1825 εὐτυχέων
883 1773 1026 1828 Νεμέᾳ
1057 1771 1102 1816 τ’
1132 1771 1271 1819 ἄλλαν
1303 1771 1377 1816 ἐπ’
1408 1771 1522 1830 ἄλλᾳ
1556 1774 1626 1817 καὶ
1664 1788 1765 1828 κρα-

390 1839 516 1880 νααῖς
541 1836 591 1880 ἐν
614 1834 814 1881 Ἀθάναις
839 1839 873 1882 O
898 1841 980 1881 VH
999 1842 1068 1883 81.
1113 1842 1175 1882 Tu
1200 1842 1395 1883 curiosius
1421 1855 1544 1894 quam
1567 1842 1766 1885 Pindarus

390 1906 633 1957 speraverat
658 1907 883 1947 cuiusnam.
902 1921 1101 1960 quaenam
1136 1908 1307 1948 victoria
1343 1909 1471 1950 fuerit
1504 1909 1539 1950 si
1572 1909 1767 1961 inquiras,

391 1973 650 2023 quantumvis
679 1985 915 2014 coronarum
943 1986 1156 2015 numerum
1186 1974 1341 2016 tribuas
1366 1974 1631 2027 Euthymeni:
1661 1976 1766 2017 Isth-

390 2037 539 2079 miacas
570 2037 670 2080 duas
701 2033 867 2094 (Dissen
897 2041 1005 2093 expll
1039 2035 1146 2096 527)
1176 2053 1249 2093 per
1278 2042 1442 2092 poetam
1472 2043 1578 2082 certe
1616 2042 1765 2082 licebit.

395 2103 508 2144 Inscr
531 2116 623 2144 cum
646 2105 807 2147 scholiis
831 2107 939 2148 inscr
963 2119 1030 2147 om
1053 2108 1153 2158 vett,
1179 2104 1427 2160 Στρεψιάδῃ
1454 2105 1629 2161 Θηβαίῳ
1655 2119 1765 2157 παγ-

392 2166 551 2224 κρατίῳ
583 2171 702 2212 Tricl.
768 2170 937 2214 Carmen
968 2186 992 2214 a
1023 2186 1116 2214 sene
1144 2175 1268 2226 poeta
1298 2174 1569 2226 conscriptum
1597 2186 1694 2225 esse,
1723 2174 1768 2214 id

393 2236 500 2288 quod
530 2237 596 2278 vel
627 2250 675 2278 ex
705 2238 838 2280 verbis
869 2236 1121 2280 ..ἕκαλος
1153 2235 1292 2290 ἔπειμι
1323 2239 1459 2291 γῆρας
1491 2241 1546 2280 41
1588 2241 1768 2294 colligas,

393 2315 484 2344 cum
513 2303 672 2356 Heynio
703 2306 870 2358 negavit
899 2300 975 2361 (cll
1006 2306 1132 2347 scholl
1158 2307 1235 2357 343
1264 2305 1292 2347 J
1294 2306 1419 2347 ahrbb
1451 2307 1553 2348 class
1577 2306 1671 2347 Phil
1697 2309 1768 2358 99,

395 2370 524 2422 1869,
557 2365 664 2427 190)
705 2371 840 2424 Bergk
879 2368 1002 2413 ‘inter
1039 2373 1172 2425 prima
1190 2402 1193 2405 »
1211 2374 1345 2425 poesis
1381 2373 1619 2414 Pindaricae
1658 2373 1767 2413 rudi·

391 2437 527 2477 menta
556 2434 825 2478 referendum'
856 2451 942 2480 esse
970 2441 1084 2491 ratus
1114 2441 1281 2492 propter
1318 2439 1525 2480 exordium
1560 2440 1767 2481 fabulosae

391 2503 583 2544 historiae
614 2504 730 2556 copia
760 2505 929 2558 insigne.
983 2504 1276 2558 ‘Quaestionem
1305 2506 1387 2547 fere
1420 2501 1650 2547 absolvisse'
1668 2506 1768 2546 mihi

392 2569 554 2609 Boeckh
584 2569 745 2611 videtur
779 2565 907 2626 (expll
939 2566 1181 2626 530—34)‚
1211 2572 1291 2616 nisi
1322 2571 1429 2623 quod
1459 2585 1686 2625 pugnarum
1717 2571 1769 2611 ad

394 2635 622 2688 Tanagram
659 2638 701 2677 et
730 2635 969 2689 Oenophyta
1005 2637 1206 2677 factarum
1243 2630 1499 2691 (χάλκαςπις
1530 2634 1660 2687 Ἄρης
1699 2638 1769 2688 25,

395 2697 528 2742 ἔτλαν
558 2700 607 2742 δὲ
634 2700 794 2743 πένθος
819 2700 874 2743 οὐ
898 2698 1043 2753 φατόν
1070 2696 1147 2757 37)
1171 2704 1354 2754 tempora
1379 2703 1604 2743 accuratius
1627 2703 1767 2754 paullo

393 2765 558 2807 definiri
592 2770 793 2820 poterunt.
854 2768 915 2808 De
950 2768 1095 2820 quibus
1133 2768 1324 2819 quoniam
1358 2768 1488 2808 multa
1527 2768 1682 2808 interea
1723 2769 1767 2808 in

393 2832 570 2874 diversas
600 2836 736 2885 partes
766 2833 973 2886 disputata
1003 2835 1116 2884 sunt,
1146 2835 1326 2878 nostram
1356 2833 1598 2874 sententiam
1626 2834 1766 2885 paucis

396 2911 650 2951 exponamus.

512 2963 646 3005 Verba
681 2965 806 3019 igitur
844 2964 924 3006 τοῦ
961 2961 1096 3006 αὐτοῦ
1135 2961 1339 3006 ἐνιαυτοῦ
1379 2978 1484 3018 quae
1524 2967 1684 3006 exstant
1722 2966 1765 3006 in
