2014 3360
292 198 351 255 32
950 198 1196 235 Pmmavs

289 310 368 350 XII
393 311 448 350 25
476 309 628 362 [Vatt]‚
651 311 692 351 N
714 311 754 362 V
779 312 834 351 37
864 308 978 364 [νίςς.
1004 313 1075 363 per
1099 324 1270 351 errorem
1294 306 1468 367 Bergk])
1494 312 1534 351 et
1559 312 1862 365 inscriptionum

289 375 365 417 fide
395 369 535 430 (ΒΘΗ
557 375 634 415 XV
660 377 790 428 1891,
808 377 905 427 632,
928 376 1052 427 hymn
1077 374 1197 428 de'lph
1219 371 1281 415 11¹²
1302 372 1348 432 8)
1380 377 1478 416 satis
1509 379 1569 417 est
1599 378 1788 417 stabilita.

222 451 267 483 62
410 440 533 480 Verbi
574 432 733 483 κνίζω
777 443 980 493 correptae
1016 443 1166 481 formae
1203 440 1317 482 κνῖς-
1354 442 1525 497 inveniri
1561 455 1643 483 non
1677 443 1862 483 videntur

208 532 212 536 -
291 508 382 546 ante
418 506 728 558 Aristophanem
757 501 874 561 (vesp
908 508 1035 557 1286,
1064 520 1139 546 ran
1166 501 1311 562 1198).
1372 507 1478 546 Nam
1510 521 1560 559 ap
1589 507 1693 547 Pind
1724 508 1862 549 antisti

289 572 416 611 forma
446 571 554 613 κνιξ-
585 571 619 610 Ρ
650 571 687 611 Χ
719 573 787 622 60,
817 571 838 610 Ι
868 571 907 610 V
939 573 1008 622 58,
1037 572 1096 610 VI
1129 573 1185 612 50
1217 573 1277 612 est
1305 573 1350 612 in
1379 572 1510 622 libris,
1540 573 1654 613 κνῑς-
1684 572 1718 612 P
1742 573 1780 613 X
1805 574 1862 614 60

289 637 452 677 novavit
481 637 660 686 Boeckh,
695 636 717 675 I
745 635 785 675 V
817 637 871 676 58
903 637 1176 688 Aristarchus,
1206 637 1310 677 unde
1340 637 1373 675 P
1404 636 1505 676 VIII
1537 638 1612 687 32,
1641 638 1700 677 XI
1732 639 1786 678 23
1818 640 1863 678 in

290 697 443 753 syllaba
463 703 630 754 ancipiti
648 702 754 743 κνιξ-
774 702 958 742 reducere
983 715 1064 742 non
1082 703 1281 754 dubitavi3
1302 716 1543 754 quamquam
1562 701 1701 744 κνίςεν
1715 698 1782 756 (——
1795 699 1862 760 -—)

289 780 424 808 rursus
454 768 631 820 porrexit
661 780 791 819 papyr
820 767 996 818 Bacchyl
1024 767 1143 807 XVII
1173 769 1211 808 8.

221 843 266 875 63
410 833 470 873 De
499 833 753 873 librariorum
788 833 1041 873 iotacismo
1076 846 1158 873 non
1188 835 1248 873 est
1279 834 1385 885 quod
1418 835 1545 874 fusius
1576 847 1786 887 exponam,
1817 837 1863 874 ut

188 888 190 890 ¹
292 895 511 948 Κάμιρον
544 895 710 948 Χίρων
742 895 942 938 ἔτειςαν
979 899 1145 948 μεῖξαι
1177 897 1324 950 μείχθη
1362 900 1499 940 invitis
1535 900 1648 940 libris
1680 914 1744 940 me
1781 901 1861 941 edi-

290 963 392 1004 disse
433 959 631 1003 neminem
670 977 750 1003 non
791 964 1139 1015 comprobaturum
1181 977 1264 1005 esse
1308 965 1520 1016 confidam,
1565 966 1641 1005 nisi
1687 967 1756 1017 qui
1797 967 1863 1007 vel

290 1029 603 1082 orthographicis
648 1029 693 1069 in
732 1029 850 1069 rebus
893 1029 1146 1069 librariorum
1195 1031 1425 1070 auctoritati
1474 1031 1748 1083 superstitiose
1794 1031 1861 1071 ad-

290 1094 417 1134 dictus
449 1095 512 1134 sit.
572 1095 657 1134 Nec
688 1094 793 1146 quod
823 1095 867 1134 in
897 1095 1040 1135 cretico
1072 1095 1244 1146 quodam
1275 1096 1363 1135 aevi
1392 1096 1631 1136 hellenistici
1666 1098 1862 1149 epigram-

288 1160 394 1199 mate
413 1160 519 1200 'Mus
548 1160 628 1217 Ital
657 1160 721 1199 HI
753 1160 836 1201 736
871 1161 1093 1212 comparuit
1122 1161 1241 1212 plane
1278 1154 1479 1213 singulare
1514 1159 1692 1202 πάντων
1718 1160 1862 1213 ,μάτηρ
1886 1149 1896 1157 .

289 1218 519 1276 πιδῖκνυτι,
553 1227 762 1278 tantopere
793 1238 1058 1277 commoveor,
1093 1228 1140 1265 ut
1176 1228 1386 1279 propterea
1424 1224 1610 1277 δείκνυμι
1644 1224 1862 1277 μείγνυται

288 1284 522 1345 (brein-vum
553 1305 604 1343 ap
634 1286 760 1347 Hom)
791 1290 1003 1342 μέμεικται
1034 1293 1255 1342 μεμεῖχθαι
1286 1290 1566 1342 μεμειγμένον
1596 1292 1717 1333 fuisse
1743 1305 1861 1345 ‚prae-

288 1355 412 1396 fracte
454 1369 606 1408 negem.
677 1357 828 1397 Tamen
859 1379 915 1384 -—
954 1354 1195 1407 ἐξελέγχων
1232 1355 1364 1408 μόνος
1407 1354 1611 1399 ἀλάθειαν
1653 1357 1877 1409 ἐτήτυμον·
1955 1359 1958 1363 ’

291 1419 467 1472 χρόνος.
527 1422 587 1462 De
624 1419 876 1474 νείφοντα
911 1422 933 1461 1
964 1422 1043 1461 vn
1076 1423 1100 1462 5
1137 1422 1383 1463 restituendo
1420 1422 1462 1462 cf
1493 1422 1656 1463 Herodn
1690 1423 1734 1462 11
1763 1411 1863 1474 554,

291 1488 358 1525 11.
385 1488 489 1538 7⁷9,
515 1488 554 1538 6,
583 1487 629 1527 10
656 1487 836 1528 Schmidt
864 1487 1067 1528 vocausm
1096 1488 1118 1526 1
1152 1489 1248 1528 134.
1825 1479 1827 1482 ’

221 1563 267 1595 64
409 1550 496 1593 ξύν
515 1566 527 1592 :
545 1551 599 1593 ςύ
608 1564 644 1594 ν,
705 1553 869 1594 Praeter
904 1551 1048 1605 ξυνός,
1086 1549 1314 1608 ξυνά(ω)ν,
1349 1550 1558 1604 ξυνάορος
1589 1547 1731 1609 (semel
1760 1553 1861 1593 ludi-

287 1617 443 1658 bundus
468 1619 505 1658 fr
526 1619 624 1669 1212,
644 1620 719 1670 123
749 1620 792 1658 cf
812 1619 972 1659 Boeckh
1003 1619 1122 1672 expll.
1143 1614 1249 1675 610)
1279 1618 1475 1659 Pindarus
1499 1620 1647 1659 formas
1679 1632 1703 1659 a
1726 1619 1863 1659 littera

290 1684 311 1724 ξ
341 1684 575 1735 incipientes
605 1697 816 1737 usurpasse
847 1697 929 1725 non
957 1685 1126 1725 videtur.
1170 1685 1276 1724 Nam
1300 1682 1510 1733 ξύγγονος
1533 1685 1595 1724 bis
1621 1685 1670 1725 ab
1696 1684 1861 1724 Erasmo

292 1748 450 1788 Schmid
487 1750 688 1789 invectum
724 1752 784 1790 est
819 1752 947 1790 metro
982 1763 1064 1790 non
1106 1752 1271 1803 cogente
1313 1751 1353 1789 N
1381 1750 1420 1790 X
1450 1752 1508 1790 40
1539 1744 1613 1805 (cll
1643 1751 1682 1789 4.
1703 1745 1780 1806 10)
1822 1751 1863 1790 et

289 1814 348 1853 XI
375 1816 427 1854 12
455 1810 578 1869 (prim
603 1817 707 1867 syst3
738 1816 780 1855 cf
799 1830 826 1856 v
848 1811 911 1871 1);
942 1815 1018 1857 ξὺν
1043 1813 1078 1869 ᾧ
1105 1828 1211 1856 ποτε
1239 1815 1343 1867 quod
1369 1816 1497 1855 estin
1525 1816 1638 1856 libris
1668 1816 1708 1855 N
1725 1815 1785 1855 IV
1805 1817 1860 1855 25

290 1880 325 1918 si
356 1880 444 1930 quis
477 1893 500 1919 a
530 1882 649 1932 poeta
679 1883 726 1920 ut
754 1882 798 1921 in
827 1894 964 1932 versus
994 1882 1111 1921 initio
1142 1882 1424 1934 praeoptatum
1454 1894 1537 1921 esse
1562 1881 1765 1933 putaverit
1789 1875 1862 1936 (cll

290 1945 384 1984 Frid
415 1945 576 1985 Ellendt
611 1946 675 1986 lex
706 1942 833 1998 Soph¹¹
859 1948 964 1997 705,
999 1947 1110 1986 wilh
1128 1946 1303 1987 Dindorf
1329 1947 1393 1987 lex
1416 1946 1546 1987 Aesch
1573 1942 1697 2002 339),
1727 1946 1863 1987 videat
1939 1963 1943 1967 ’

289 2009 392 2049 Pind
422 2009 455 2050 ο
479 2010 501 2049 1
528 2012 625 2061 110,
655 2011 718 2051 ΠΙ
738 2013 806 2062 35,
836 2011 896 2051 VI
915 2013 983 2052 81.
1006 2013 1075 2063 98,
1105 2012 1207 2051 vm
1227 2013 1295 2062 14,
1325 2012 1426 2052 xm
1447 2014 1514 2052 19.
1535 2013 1604 2063 87,
1633 2011 1667 2051 P
1691 2004 1715 2051 1¹
1733 2013 1771 2052 2.
1792 2013 1861 2062 69,

289 2074 348 2113 1v
368 2077 464 2116 203.
486 2077 583 2115 221.
604 2078 701 2117 260.
722 2078 821 2127 267,
845 2077 883 2115 v
902 2079 942 2128 8,
964 2077 1024 2118 lx
1049 2079 1088 2128 2,
1117 2077 1139 2116 1
1162 2077 1347 2130 111÷1v
1366 2079 1436 2127 23,
1460 2077 1498 2115 v
1519 2079 1593 2127 213
1621 2078 1862 2129 relinquitur

289 2140 482 2180 traditum
517 2141 560 2181 in
597 2141 733 2182 eodem
770 2152 878 2182 carm
907 2138 967 2198 (N
990 2137 1069 2198 IV)
1094 2144 1148 2182 31
1182 2140 1352 2192 ξυνιείς,
1392 2142 1497 2194 quod
1533 2142 1661 2182 eidem
1697 2142 1861 2182 librario

290 2199 480 2261 (attico‘?)
517 2207 650 2247 deberi
683 2208 782 2247 mihi
811 2208 973 2259 quidem
1002 2220 1236 2259 persuasum
1267 2209 1328 2247 est
1358 2208 1410 2246 cll
1441 2209 1481 2247 et
1511 2205 1860 2259 λόγωνυςυνέμεν

290 2270 487 2321 κορυφάν
518 2271 550 2311 P
581 2272 644 2312 m
675 2274 732 2313 80
763 2275 804 2313 et
832 2287 859 2313 v
889 2274 905 2312 1
935 2267 1049 2327 (Plat
1079 2268 1197 2327 codd)
1227 2273 1266 2311 fr
1298 2273 1396 2322 105,
1418 2268 1454 2311 1.
1489 2272 1587 2322 214,
1609 2274 1646 2311 1.

220 2346 265 2378 65
409 2332 718 2391 ἐν(ν)ἁλιος.
780 2333 1079 2392 ἔν(ν)επον,
1114 2330 1479 2391 προςήνεπον.
1539 2337 1632 2376 Non
1663 2338 1773 2377 casui
1801 2337 1860 2377 vi-

291 2401 405 2441 detur
434 2403 566 2442 deberi
597 2404 703 2454 quod
731 2417 936 2454 nunquam
968 2404 1038 2442 aut
1068 2402 1174 2454 apud
1198 2402 1417 2441 Pindarum
1447 2396 1546 2455 (syll
1575 2402 1705 2454 prima
1735 2403 1860 2443 sexies

290 2467 420 2519 longa,
452 2469 583 2518 semel,
612 2469 645 2507 P
676 2469 735 2508 IV
761 2471 829 2518 39,
861 2462 1062 2522 correpta)
1094 2469 1165 2506 aut
1197 2467 1302 2519 apud
1332 2468 1474 2507 atticos
1505 2468 1643 2520 poetas
1673 2468 1717 2507 in
1739 2469 1859 2508 bonis

290 2533 401 2572 libris
444 2535 634 2585 scriptum
675 2534 878 2579 invenitur
920 2530 1124 2577 εἰνάλιοςι
1165 2533 1327 2572 fuerunt
1369 2532 1510 2584 opinor
1551 2525 1594 2573 in
1637 2534 1859 2585 antiquiore

290 2599 399 2648 poesi
434 2599 583 2639 formae
622 2600 793 2639 aeolicae
828 2590 1028 2638 ἐννάλιος
1066 2592 1326 2653 (*ἐνςάλιος)
1364 2600 1405 2637 et
1435 2596 1614 2639 ἐνάλιος.
1675 2599 1780 2639 Nam
1811 2599 1858 2646 de

291 2675 549 2703 consonarum
591 2664 811 2716 duplicium
853 2662 1196 2714 exprimendarum
1237 2664 1280 2702 in
1320 2664 1643 2716 inscriptionibus
1685 2665 1859 2712 licentia,

291 2728 334 2766 in
362 2729 473 2769 libris
503 2743 625 2769 manu
655 2729 814 2780 scriptis
844 2721 1112 2767 inconstantia
1144 2741 1225 2768 non
1254 2731 1314 2769 est
1345 2729 1450 2780 quod
1479 2743 1661 2769 moneam
1697 2730 1858 2780 peritos.

290 2791 453 2842 ἤνεπον
467 2807 469 2809 ·
483 2795 600 2834 unius
635 2793 780 2833 codicis
811 2793 851 2832 B
890 2794 1124 2833 auctoritate
1160 2795 1303 2834 nititur
1332 2796 1372 2834 N
1401 2796 1438 2834 X
1471 2797 1523 2835 79
1563 2789 1733 2848 (recepit
1767 2796 1859 2846 post

294 2856 532 2910 Gallici-gum
573 2853 744 2913 Bergk),
787 2852 1012 2912 ἔν(ν)επον
1054 2859 1167 2899 libris
1209 2861 1290 2899 fere
1334 2860 1669 2900 consentientibus
1712 2854 1857 2911 ubique

291 2925 459 2973 reposui.
515 2922 756 2974 προςήνεπε
788 2917 913 2978 (quod
943 2925 1141 2963 testantur
1170 2925 1204 2963 P
1234 2925 1294 2964 IV
1325 2927 1379 2971 97
1413 2938 1547 2965 omnes
1576 2925 1672 2964 boni
1701 2927 1858 2977 praeter
