2014 3360
242 179 335 230 72,

299 1082 431 1131 mem

344 1205 429 1247 IV

901 177 1146 214 PINDARVS

453 292 487 331 si
517 304 597 331 non
628 290 780 330 abiecto
807 312 862 318 —
888 303 982 330 nam
1012 292 1066 331 et'
1083 291 1261 331 caritatis
1292 292 1333 330 et
1362 290 1516 342 gratiae
1545 291 1710 342 plenum
1735 312 1806 342 —,

455 359 499 397 at
528 368 738 407 suppresso
769 377 826 384 ——
857 356 1004 407 quippe
1032 356 1149 396 rebus
1182 356 1280 408 ipsis
1317 356 1503 407 opinione
1540 356 1706 396 celerius
1742 368 1805 397 su-

454 423 592 473 perato
622 434 888 473 magnamque
918 423 1073 473 partem
1096 422 1179 472 iam
1202 421 1392 472 obsoleto,
1422 423 1470 461 ut
1491 422 1648 473 publice
1674 423 1807 462 actum

454 487 571 528 facile
599 486 726 527 risum
755 499 912 527 movere
946 499 1061 538 posse
1091 486 1292 527 videretur
1322 508 1379 515 -
1410 487 1483 528 sub
1518 487 1648 539 ipsam
1682 487 1806 527 victo-

454 553 557 593 riam
587 545 660 606 (cll
689 551 793 591 Pind
823 550 856 592 0
888 551 962 592 XL
987 548 1094 603 XIV,
1123 552 1298 604 Bacchyl
1326 547 1388 608 11)
1418 552 1661 594 Nemeaeum
1690 560 1808 592 xvm

455 617 519 658 vel
536 625 610 657 ·xx
638 629 825 661 versuum
854 628 1010 657 carmen
1041 631 1065 657 a
1094 619 1213 669 poeta
1245 617 1296 657 ad
1326 617 1483 659 eosdem
1511 610 1648 659 modos
1672 630 1807 658 nume-

455 695 599 734 rosque
629 683 873 733 festinatum,
907 696 930 722 a
961 679 1111 724 civibus
1142 683 1240 724 satis
1270 683 1353 723 iam
1383 684 1608 736 exercitatis
1639 696 1809 724 commo-

456 748 615 789 dissime
648 749 851 806 cantatum
881 750 1000 799 atque
1031 749 1222 789 saltatum
1252 761 1335 790 esse
1367 749 1548 790 arbitror.
1583 769 1591 775 ν

577 812 771 854 Carminis
802 814 935 864 quarti
964 823 1017 854 vv
1043 815 1216 855 16—17
1248 814 1283 855 si
1313 816 1419 855 recte
1445 814 1496 854 ad
1518 820 1696 868 piignam
1718 813 1810 854 Pla-

457 882 657 920 taeensem
684 878 842 919 rettulit
870 878 1030 919 Boeckh
1059 873 1122 934 (in
1151 879 1313 921 Disseni
1342 880 1450 932 expll
1475 874 1600 935 500),
1635 879 1811 932 Bacchy-

458 944 604 985 lideam
634 946 768 985 autem
796 944 1062 985 imitationem
1097 939 1156 1000 (V
1187 940 1264 1001 31)
1300 946 1344 985 in
1381 958 1523 1002 annos,
1537 941 1676 999 476s5
1714 945 1811 985 inci-

458 1009 562 1051 disse
579 1009 783 1062 probabile
803 1011 874 1062 est,
899 1010 1079 1062 sequitur
1095 1012 1143 1051 ut
1158 1011 1312 1052 Melissi
1328 1011 1540 1051 victoriam
1556 1010 1813 1064 Isthmiacam

463 1067 565 1130 enne
591 1075 676 1115 478
708 1068 771 1130 (ef
797 1074 848 1115 ed
875 1075 981 1116 inser
1004 1075 1026 1115 1
1049 1071 1182 1131 vm),
1211 1076 1450 1117 Nemeaeum
1475 1077 1561 1117 477
1593 1074 1813 1117 adscribere

460 1141 589 1181 liceat.

459 1205 570 1246 Inscr
612 1218 677 1246 om
712 1204 816 1257 vett,
858 1203 1076 1260 Φυλακίδᾳ
1117 1204 1315 1260 Αἰγινήτῃ
1359 1203 1606 1259 παγκρατίῳ
1650 1206 1757 1247 Tricl
1793 1219 1815 1246 c

462 1270 709 1322 Callistrato,
758 1268 975 1324 Φυλακίδᾳ
1026 1269 1095 1312 καὶ
1136 1270 1287 1325 Πυθέᾳ
1334 1272 1522 1313 maluisse
1569 1272 1814 1324 Hephaestio

459 1336 618 1378 videtur
646 1336 772 1377 scholl
802 1338 903 1388 427,
929 1338 973 1388 23
1004 1337 1046 1377 cf
1072 1339 1163 1378 nott
1190 1338 1296 1378 inscr
1326 1337 1360 1379 O
1384 1337 1498 1389 VIII,
1526 1338 1549 1377 I
1571 1337 1642 1378 VI.
1699 1336 1815 1379 Oarm

460 1402 588 1444 Isthm
617 1401 656 1441 V
685 1404 727 1442 et
754 1403 847 1454 post
875 1402 979 1443 sexti
1007 1403 1050 1442 in
1079 1403 1253 1454 priorem
1282 1403 1492 1444 victoriam
1520 1403 1619 1443 facti
1654 1404 1696 1444 et
1723 1405 1818 1455 post

460 1467 648 1508 Nemeaei
677 1468 809 1520 quinti
837 1467 1014 1520 Pytheae
1043 1468 1161 1508 fratri
1191 1469 1398 1521 aliquanto
1431 1468 1573 1509 maiori
1610 1462 1652 1522 (1
1674 1467 1714 1506 V
1739 1462 1816 1523 59)

460 1533 631 1574 dedicata·
660 1535 841 1585 tempora
877 1533 1141 1586 compositum
1178 1547 1262 1575 esse
1297 1535 1428 1587 patet;
1467 1534 1817 1587 grammaticorum

462 1612 633 1640 errorem
663 1613 684 1640 e
714 1599 845 1640 verbis
882 1597 1087 1650 δεύτερον
1122 1600 1312 1650 κρατῆρα
1347 1599 1370 1639 I
1399 1599 1459 1639 VI
1491 1601 1516 1640 2
1553 1601 1695 1639 natum
1732 1611 1817 1640 esse

462 1667 595 1705 censet
628 1664 872 1718 Hephaestio
916 1664 1023 1717 apud
1065 1665 1175 1706 schol
1211 1667 1312 1716 427,
1344 1666 1411 1705 11.
1472 1664 1533 1706 De
1574 1678 1711 1717 pugna
1748 1664 1817 1704 Sa-

462 1730 630 1770 laminia
650 1730 672 1770 1
694 1730 808 1770 Vv48
828 1743 867 1771 ss
891 1726 1067 1782 leuata,
1097 1731 1140 1771 in
1164 1743 1272 1771 carm
1295 1730 1336 1771 N
1353 1730 1391 1769 V
1416 1732 1458 1771 et
1480 1730 1506 1775 ΙΙ
1526 1730 1586 1770 VI
1608 1743 1689 1771 non
1714 1742 1816 1770 com-

464 1797 681 1836 memorata
717 1795 857 1836 auditu
892 1795 1037 1849 dignus
1073 1798 1135 1837 est
1163 1797 1279 1837 Blass
1308 1796 1438 1837 Rhein
1466 1796 1557 1837 Mus
1589 1796 1658 1846 53,
1692 1795 1819 1846 1898,

466 1861 551 1901 285
577 1872 628 1912 ss,
659 1874 899 1913 quamquam
927 1862 1077 1902 maiore
1101 1862 1291 1914 temporis
1314 1862 1527 1903 intervallo
1553 1875 1576 1902 a
1599 1861 1706 1902 bello
1729 1874 1816 1913 per-

465 1926 545 1966 sico
574 1939 625 1967 ne
655 1940 779 1967 unum
809 1926 969 1978 quidem
998 1940 1046 1967 ex
1075 1927 1137 1968 his
1169 1928 1408 1968 carminibus
1438 1927 1644 1980 diiungere
1668 1927 1816 1967 licebit.

329 1990 351 2030 1
373 1990 434 2030 VI
462 1990 573 2042 Insci-
598 2005 664 2033 om
685 1994 784 2043 vett,
809 1989 1026 2045 Φυλακίδᾳ
1047 1990 1196 2046 Πυθέᾳ
1223 1990 1453 2042 Εὐθυμένει
1480 1989 1640 2042 μάτρωι
1664 1989 1821 2042 Ἴεθμια

466 2050 534 2111 (ut
557 2053 767 2108 Ὀλύμπια
797 2058 863 2099 vel
888 2055 1030 2108 Νέμεα
1060 2059 1103 2098 in
1134 2058 1373 2110 quibusdam
1403 2058 1503 2099 codd
1532 2057 1693 2098 additur
1716 2058 1822 2097 inser

466 2121 500 2163 Ο
525 2122 643 2174 VIII,
680 2119 891 2172 Ὀλύμπια
921 2120 1063 2164 Πύθια
1097 2120 1287 2174 [Ἴεθμια]
1322 2122 1464 2174 Νέμεα
1493 2121 1688 2173 Πετραῖα
1717 2123 1823 2163 insci·

468 2187 598 2240 epinic
627 2188 879 2240 Bacchylidis
908 2189 952 2229 in
981 2202 1062 2241 pap
1093 2183 1355 2245 Londinensi)
1385 2189 1513 2239 Tricl3
1543 2186 1593 2229 Φ.
1622 2184 1681 2228 Αἰ.
1713 2198 1822 2235 παγ-

468 2250 626 2306 κρατίῳ
650 2254 823 2305 Boeckh,
853 2251 902 2294 ἐν
933 2251 1048 2294 muci
1079 2254 1157 2300 add
1185 2254 1325 2306 Heyne
1355 2254 1594 2305 obloquente
1623 2251 1823 2293 Boeckhio

469 2332 496 2358 n
526 2330 570 2360 er.
598 2320 698 2371 569,
728 2315 910 2371 ἀγενείῳ
942 2321 984 2359 et
1012 2319 1035 2358 I
1057 2319 1117 2358 VI
1147 2321 1188 2360 et
1216 2319 1239 2358 I
1261 2318 1301 2357 V
1331 2318 1528 2359 addiderit
1557 2318 1757 2370 quispiam
1786 2318 1822 2358 cl

468 2382 709 2424 ovm54
741 2396 832 2424 cum
860 2386 952 2424 nott
979 2383 1413 2434 inscrNV,IVIII.

587 2449 647 2490 De
671 2448 999 2500 Psalychidarum
1028 2449 1205 2489 victoriis
1232 2461 1488 2501 quaecunque
1511 2451 1678 2490 narrant
1701 2450 1827 2504 scholl

470 2527 550 2554 non
574 2527 622 2555 ex
645 2514 886 2566 anagraphis
911 2507 974 2568 (cf
994 2513 1045 2554 ad
1060 2514 1102 2554 N
1122 2509 1234 2570 VH),
1258 2514 1327 2555 sed
1351 2527 1399 2555 ex
1418 2514 1592 2556 Pindaro
1616 2515 1704 2569 ipso
1726 2515 1825 2555 hau-

471 2580 568 2621 sisse
607 2580 864 2620 manifestum
894 2581 955 2620 est
994 2579 1031 2619 cl
1061 2579 1170 2620 schol
1207 2581 1313 2622 inser
1340 2580 1363 2620 Ι
1392 2580 1431 2620 V
1460 2595 1488 2633 p
1513 2581 1724 2627 4277-28
1749 2580 1826 2620 Ab.

472 2644 668 2685 Pindarus
703 2644 829 2696 igitur
863 2638 1053 2685 testatur:
1094 2645 1306 2697 Pytheae
1341 2645 1551 2687 victoriam
1587 2646 1827 2686 Nemeaeam

473 2710 646 2750 carmine
663 2709 704 2749 N
722 2709 761 2748 V
777 2704 972 2764 (Bacchyl
990 2705 1122 2766 xm),
1145 2711 1320 2752 eiusdem
1337 2711 1593 2752 Isthmiacam
1615 2705 1699 2765 (sec
1717 2710 1827 2750 schol

474 2775 574 2825 428,
612 2770 747 2830 2—5)
783 2775 821 2814 fr
850 2776 897 2826 4,
941 2788 1067 2827 quam·
1095 2776 1321 2816 Isthmiacis
1356 2774 1649 2826 Phylacidae
1691 2775 1827 2814 fratris

465 2830 515 2893 ‘(1
545 2839 616 2879 VL
640 2835 698 2895 V)
733 2841 992 2891 posteriorem
1021 2841 1142 2881 fuisse
1179 2839 1354 2880 ostendit
1381 2842 1501 2890 poeta
1529 2839 1552 2877 Ι
1580 2838 1618 2877 V
1645 2840 1719 2888 173
1748 2838 1826 2878 Ne-

475 2916 584 2943 meae
607 2904 866 2956 Phylacidam
892 2905 1033 2945 vicisse
1063 2918 1111 2945 ex
1133 2905 1156 2943 I
1178 2904 1217 2943 V
1239 2905 1292 2943 18
1326 2905 1503 2955 apparet,
1534 2915 1612 2955 quo
1637 2905 1826 2954 tempore,
