2014 3360
228 185 295 237 24,
809 227 812 229 ,
889 181 1136 237 PmDARvs

228 298 411 340 dentibus
454 292 517 353 (cf
555 298 677 338 etiam
718 297 925 354 Hermann
959 295 1074 336 Arist
1108 296 1215 336 nubb
1255 296 1352 335 142.
1387 292 1542 353 1028),
1583 298 1663 340 nisi
1699 300 1805 352 quod

228 360 312 414 ἄρα
349 365 389 404 et
427 363 477 403 ab
515 363 636 416 epicis
668 364 711 403 et
741 376 765 402 a.
794 362 931 413 lyricis
968 361 1098 414 poetis
1135 360 1379 404 abiudicavit
1413 361 1524 402 Wilh
1543 363 1730 406 Dindorf
1761 366 1806 407 in

225 418 304 470 lex*
326 428 502 480 Aeschyl
545 442 573 481 p
610 429 686 479 40,
727 429 834 468 recte
877 428 952 468 hoc
996 426 1176 479 quidem3
1220 439 1462 478 quemquam
1503 422 1806 483 (“κοινότερον’

224 495 402 548 Apollon
430 489 505 550 11)
536 490 596 534 ὼε
627 489 722 544 ἆρα,
754 493 816 547 τῷ
848 489 897 533 δ’
915 488 1010 543 ἆρα,
1040 489 1102 532 τί(
1127 488 1211 542 ἆρα
1242 491 1387 532 dixisse
1414 493 1543 534 fertur
1566 494 1705 535 Archi]
1736 495 1807 548 86,

227 562 274 612 23
305 561 375 611 89,
401 561 448 612 ὃς
480 560 548 601 95.
602 559 749 600 Libera.
779 559 905 612 igitur
927 558 1146 598 Pindarum
1177 558 1392 598 vocalismo
1417 558 1488 599 illo
1513 560 1548 600 si
1572 573 1653 600 non
1676 561 1807 603 ionico

187 669 189 671 ,
227 628 271 667 at
300 627 405 667 certe
443 626 566 666 attico
603 626 776 666 scribens
815 626 886 665 aut
920 625 1056 677 legens
1093 621 1176 674 ἦρα
1213 622 1246 663 O
1277 623 1379 663 VIII
1404 625 1480 676 46,
1515 625 1549 665 Ρ
1573 625 1634 665 IV
1664 628 1738 678 78,
1767 627 1808 668 N

227 691 341 732 V30
371 685 462 747 (ubi
492 705 518 732 v
542 704 570 730 n
600 685 675 747 cr),
704 690 726 730 Ι
750 690 810 730 VI
830 690 884 731 55
918 684 966 745 (n
997 684 1070 745 cr),
1100 688 1202 728 VIII
1222 689 1289 729 59.
1350 689 1456 730 Nam
1488 691 1593 742 quod
1619 706 1642 732 a.
1666 694 1808 745 poetae

225 770 347 797 manu
376 757 600 810 profectum
624 758 710 797 erat
734 752 893 808 ἦνᾶρα,
923 755 1080 796 Atticos
1110 755 1289 796 homines
1322 756 1468 807 quique
1499 770 1546 797 ex
1578 758 1634 799 eis
1655 758 1807 811 pende-

224 822 325 864 bant
354 824 395 863 et
418 834 514 863 voce
538 824 580 862 et
603 822 749 863 litteris
780 817 864 871 ἄρα
895 822 1133 875 expressisse
1164 823 1472 862 consentaneum
1496 825 1574 874 θεῖς
1605 824 1648 863 cf
1667 819 1712 864 δ’
1731 820 1808 874 ἀμ-

227 886 480 939 φοτέρωθεν
510 887 617 940 quod
648 889 709 929 est
738 888 782 928 in
804 887 918 927 libris
949 886 983 927 Ο
1007 884 1108 927 xm
1134 889 1200 927 99.

155 962 204 996 40
350 949 420 994 ὧν
461 967 510 995 ex
544 950 683 1007 ἦνοῦν
725 954 868 994 natum
909 965 994 994 esse
1037 952 1173 993 docuit
1214 953 1288 993 Ric
1320 953 1483 994 Meister
1520 953 1571 993 ed
1607 953 1810 995 Herodem

230 1019 322 1060 Abh
353 1018 475 1061 Sfichs
507 1018 584 1060 Ges
608 1019 717 1060 Wiss
741 1018 897 1071 ph-hist
919 1018 974 1058 Kl
997 1018 1098 1059 xm
1124 1019 1252 1069 1893,
1279 1019 1378 1070 867,
1409 1018 1512 1059 unde
1545 1032 1635 1060 cum
1663 1021 1708 1060 in
1732 1019 1810 1070 μὲν

229 1080 305 1135 ὦν,
336 1079 431 1125 οὔτ’
457 1081 595 1139 (μήτ’)
627 1080 703 1134 ὧν,
734 1080 823 1125 αἴτ’
848 1080 923 1133 ῶν,
954 1081 1037 1134 γὰρ
1068 1079 1131 1124 ὧν
1163 1086 1343 1125 constare
1374 1086 1450 1125 sibi
1480 1085 1583 1125 Pind
1614 1085 1810 1137 videatur,

229 1150 368 1191 dubito
405 1164 458 1191 en
495 1148 569 1200 ἐμὲ
601 1147 648 1191 δ’
667 1147 748 1191 οὖν
778 1148 847 1190 καὶ
878 1148 912 1190 Ο
943 1149 1006 1189 ΠΙ
1038 1150 1093 1190 38
1130 1150 1421 1205 restituendum
1458 1151 1511 1191 sit
1548 1151 1599 1190 ed
1629 1164 1810 1192 normam

229 1216 308 1257 loci
338 1229 420 1256 non
449 1216 643 1257 absimilis
675 1214 750 1266 ἐμὲ
782 1211 828 1256 δ’
850 1211 931 1256 οὖν
961 1226 1023 1255 τι(
1055 1211 1208 1255 ἀοιδᾶν
1239 1215 1314 1255 κτλ
1345 1208 1378 1255 Ρ
1402 1216 1462 1256 IX
1489 1218 1585 1257 103.
1636 1213 1810 1258 εἴτόὖν

230 1283 272 1322 et
305 1279 401 1332 ἐμοὶ
437 1280 514 1331 μὲν
545 1278 625 1323 οὖν
661 1281 821 1322 exhibet
856 1294 938 1334 pap
969 1280 1101 1320 Bacch
1130 1280 1226 1321 XIX
1253 1282 1320 1320 29.
1348 1283 1416 1321 37.

162 1355 206 1388 41
353 1345 434 1388 καὶ
464 1344 537 1398 ἐν,
566 1343 659 1389 κάν
715 1347 737 1386 Ι
765 1345 973 1399 m÷1V
999 1347 1055 1386 43
1087 1343 1176 1386 κείν
1200 1346 1254 1397 Β,
1286 1344 1363 1396 κήν
1386 1347 1429 1387 D
1460 1342 1646 1402 (eandem
1675 1348 1812 1389 lectio·
1836 1382 1838 1384 ,

229 1413 292 1453 nis
323 1413 559 1453 varietatem
589 1414 798 1466 praestant
827 1412 928 1453 codd
966 1411 1063 1452 Stob
1102 1411 1240 1465 Sapph
1273 1412 1342 1462 68,
1365 1413 1410 1462 3,
1448 1413 1517 1453 ubi
1551 1414 1684 1454 nescio
1722 1414 1812 1465 quis

229 1478 280 1529 κῆ
307 1476 360 1519 ’ἑν
391 1474 509 1519 Ἀίδα
540 1476 689 1528 δόμοι(
725 1479 908 1531 intellegi
938 1473 1105 1533 voluit);
1143 1477 1266 1518 edunt
1302 1475 1382 1530 κᾴν
1419 1479 1503 1518 sive
1541 1475 1620 1519 κάν
1650 1478 1811 1519 Boeckh

231 1538 456 1598 (Hermann
480 1556 561 1597 opp
584 1543 607 1584 1
633 1544 732 1595 254,
755 1544 910 1585 Jahrbb
936 1545 1038 1585 class
1062 1543 1155 1584 Phil
1181 1544 1250 1594 33,
1283 1544 1411 1594 1841,
1433 1539 1551 1598 256),
1576 1541 1654 1592 κήν
1678 1544 1812 1597 Bergk

232 1604 356 1663 (idem
392 1606 466 1659 κήξ
505 1611 595 1650 coni
623 1609 657 1650 P
687 1609 752 1650 HI
778 1610 877 1661 113,
914 1606 1014 1660 εκήκ
1047 1610 1131 1650 sive
1161 1610 1280 1650 malis
1311 1606 1407 1649 xdx'
1441 1609 1474 1649 P
1499 1609 1557 1650 XI
1585 1603 1678 1664 18),
1714 1610 1812 1650 item

231 1672 310 1724 κήν
335 1675 447 1714 Wilh
473 1674 638 1716 Schulze
668 1689 723 1727 qu
747 1689 825 1729 epp
853 1677 938 1717 202
964 1689 993 1716 n
1020 1677 1058 1726 1,
1089 1673 1178 1717 κείν
1209 1676 1430 1716 Mommsen
1460 1670 1585 1730 (idem
1617 1671 1695 1715 κάν
1723 1675 1814 1716 coni

232 1738 266 1780 Ο
290 1739 393 1779 VIII
418 1741 486 1791 78,
515 1741 617 1782 ΧΕΠ
637 1742 737 1792 107,
766 1742 807 1782 N
830 1741 852 1782 I
878 1737 967 1797 79),
998 1755 1117 1793 quem
1146 1743 1305 1782 secutus
1330 1739 1420 1782 κεῖν
1452 1754 1472 1782 e
1497 1741 1672 1781 Pindaro
1698 1741 1815 1781 affert

230 1805 378 1845 Lucius
415 1805 496 1846 diss
531 1806 754 1859 Argentorr
783 1807 842 1848 IX
874 1807 979 1858 383,
1022 1820 1093 1860 per
1133 1820 1307 1848 errorem
1343 1807 1503 1860 opinor,
1540 1820 1629 1847 cum
1668 1808 1760 1861 371,
1786 1821 1815 1847 n

231 1870 338 1911 idem
378 1870 553 1912 Pindaro
589 1869 668 1922 κήν
703 1873 906 1913 vindicare
943 1873 1138 1914 videatur.
1199 1873 1446 1914 Recentioris
1487 1874 1575 1914 aevi
1617 1873 1814 1926 epigram-

232 1938 342 1976 mata
372 1937 523 1989 passim
552 1934 632 1987 κήν
663 1938 861 1989 exhibent,
898 1951 946 1979 ex
977 1952 1056 1990 quo
1088 1940 1269 1992 tempore
1300 1950 1388 1979 και·
1421 1942 1462 1979 et
1492 1951 1563 1990 κη·
1594 1938 1701 1980 idem
1730 1939 1814 1979 fere

231 2014 373 2059 ponere
398 2004 583 2055 coeperet
607 1998 737 2057 (Wilh
757 2003 922 2045 Schulze
948 2017 1002 2056 qu
1027 2018 1105 2058 epp
1124 1999 1243 2060 472).
1286 2005 1336 2045 In
1359 2004 1534 2045 Pindaro
1557 2005 1684 2058 igitur
1708 2004 1815 2056 quod

234 2067 306 2107 cod
337 2069 512 2121 optimus
542 2068 583 2108 B
613 2071 793 2121 praestat
823 2067 912 2110 κείν
942 2070 1156 2111 manifesto
1195 2070 1428 2121 absurdum,
1466 2071 1631 2111 alterius
1669 2070 1815 2112 codicis

234 2127 314 2187 (D)
345 2130 422 2181 κήν
454 2133 675 2175 exhibentis
711 2136 756 2175 in
785 2135 947 2176 Nemeis
977 2137 1214 2189 praesertim
1248 2138 1318 2176 aut
1348 2137 1528 2178 Isthmiis
1557 2149 1639 2177 non
1668 2141 1815 2189 niagno

147 2229 153 2236 .
235 2199 296 2238 est
319 2198 548 2239 auctoritas.
596 2199 670 2239 Est
694 2202 829 2240 autem
854 2201 977 2241 cresis
1000 2202 1044 2241 in
1061 2213 1087 2250 η
1106 2202 1215 2242 facte
1233 2202 1501 2253 Doriensium,
1518 2203 1562 2243 in
1581 2214 1608 2243 α
1626 2202 1816 2252 Aeolum3

234 2275 329 2302 nam
353 2263 459 2313 quod
482 2264 527 2303 in
550 2264 751 2307 Theocriti
776 2266 950 2305 carmine
975 2266 1126 2306 aeolico
1155 2267 1330 2307 traditur
1355 2280 1380 2318 η
1412 2282 1461 2308 ex
1491 2268 1636 2309 doricis
1666 2280 1816 2308 carmm

235 2327 347 2367 velut
376 2326 458 2366 VH
483 2329 539 2368 50
575 2329 778 2369 invectum
811 2330 980 2370 videtur.
1041 2331 1128 2371 Iam
1163 2331 1382 2373 Pindarum
1420 2335 1455 2374 si
1491 2346 1582 2374 cum
1611 2333 1815 2374 Doriensi·

235 2392 309 2431 bus
352 2393 393 2431 et
428 2392 620 2434 Alcmene
663 2405 691 2434 α
712 2393 766 2446 -Ι-
788 2406 809 2436 ε
851 2396 896 2436 in
932 2407 958 2445 η
997 2398 1239 2438 contraxisse
1283 2401 1484 2440 constaret
1527 2395 1594 2454 (de
1631 2397 1725 2450 νίκη
1764 2398 1815 2439 ad

236 2457 276 2496 N
300 2457 338 2494 V
365 2452 430 2512 5),
466 2456 544 2508 κήν
573 2460 778 2500 miscuisse
810 2460 1074 2502 crederemus:
1110 2476 1216 2503 nunc
1253 2476 1343 2504 eum
1380 2477 1471 2505 cum
1501 2465 1654 2506 Lesbiis
1685 2465 1815 2518 poetis

239 2535 359 2574 quam
395 2535 484 2563 cum
520 2524 712 2565 Alcmene
749 2521 877 2580 (74¹’3
917 2541 968 2579 ap
993 2527 1077 2567 Ath
1103 2530 1188 2569 110
1201 2524 1236 2584 f)
1274 2531 1413 2571 fecisse
1450 2531 1696 2584 probabilius
1727 2531 1815 2571 erit.

239 2578 505 2629 κῗαολκόν·
531 2585 607 2644 (·=
630 2589 697 2631 καὶ
733 2587 941 2648 Ἰαολκόν)
983 2593 1089 2633 edidi
1125 2594 1165 2634 N
1189 2595 1252 2636 ΠΙ
1278 2597 1333 2636 34
1371 2598 1587 2649 praeeunte
1617 2596 1815 2636 Ahrensio

239 2648 506 2716 (ιξίαωλκόν);
546 2657 588 2695 cf
619 2656 699 2697 Alb
730 2656 898 2698 Lucium
929 2658 1010 2699 diss
1039 2659 1262 2715 Argentorr
1291 2661 1350 2701 IX
1381 2663 1479 2702 362.
1512 2663 1597 2702 373
1632 2661 1815 2702 Crusium

238 2719 354 2769 praef
380 2719 487 2759 Babr
517 2735 544 2773 p
574 2721 699 2762 LVH.
760 2723 864 2764 Item
901 2721 1097 2774 καῖπερ,
1122 2719 1209 2779 (καί
1245 2737 1346 2775 περ·
1378 2721 1553 2782 Ahrens)
1591 2727 1631 2767 N
1660 2727 1720 2766 IV
1746 2728 1816 2777 36,

240 2783 345 2832 quod
376 2783 426 2822 ad
457 2785 524 2825 καὶ
555 2783 682 2837 αἴπερ
712 2790 983 2829 revocaverim
1014 2790 1050 2829 cl
1081 2786 1172 2830 αἵτε
1203 2790 1237 2830 Ρ
1260 2791 1320 2830 IV
1348 2793 1414 2832 78.

191 2854 238 2886 42
357 2847 559 2891 vocales
590 2855 992 2904 pronuntiatione
1024 2857 1301 2896 contrectas
1334 2870 1357 2896 e
1384 2857 1559 2901 Pindaro
1583 2858 1672 2909 ipso
1702 2869 1813 2909 sepa-

242 2911 362 2951 ratim
385 2913 617 2967 plerumque
641 2918 853 2971 discriptas
876 2919 1012 2970 fuisse,
1037 2932 1118 2960 non
1143 2918 1339 2962 ΕΦΑΨΕΙ
1367 2922 1436 2962 sed
1461 2919 1709 2973 ΕΦΑΨΕΑΙ,
1734 2934 1815 2963 non
