2014 3360
282 228 340 272 84
732 254 734 256 v
838 229 1040 265 PINDARI
1064 229 1292 267 CARMIMA

375 337 440 381 υἱὲ
471 338 708 390 Ταντάλου,
740 339 784 381 (ὲ
816 337 860 381 δ’
891 338 1014 382 ἀντία
1045 332 1270 393 προτέρων
1301 341 1549 394 φθέγξομαι,
1600 363 1603 366 ·

377 407 506 452 ὁπότ’
537 408 709 453 ἑκάλεεε
741 412 880 463 πατὴρ
912 411 989 454 τὸν
1020 411 1323 464 εὐνομώτατον
1801 422 1849 456 ⁶0

376 480 421 523 ἐς
452 480 609 533 ἔρανον
640 480 776 533 φίλαν
806 495 852 525 τε
885 481 1082 534 (ίπυλον,

278 561 356 607 (40)
387 550 587 604 ἀμοιβαῖα
618 554 748 609 aegra
780 555 934 596 δεῖπνα
965 554 1180 606 παρέχων,

307 632 354 665 40
384 620 479 665 τότ’
510 621 861 676 Ἀγλαοτρίαιναν
892 623 1096 677 ἁρπάεαι,
1833 681 1849 698 r

385 742 572 794 δαμέντα
602 743 767 796 φρένα(
797 742 940 799 ἱμέρῳ,
972 742 1183 796 χρυεέαιεί
1212 741 1255 785 τ’
1287 741 1359 786 ἀν’
1389 743 1538 787 ἵπποιε
1684 685 1775 729 ἀντ.
1802 688 1848 788 εὖ

384 812 550 857 ὕπατον
581 813 807 867 εὐρυτίμου
837 814 938 857 ποτὶ
969 816 1092 867 δῶμα
1122 814 1231 857 Διὸ(
1262 816 1507 868 μεταβᾶεαι·

384 883 488 928 ἔνθα
519 886 707 941 δευτέρῳ
740 884 884 942 χρόνῳ
1815 925 1819 928 ⁴

278 965 352 1011 (45)
384 955 489 1009 ἦλθε
521 957 590 999 καὶ
622 958 648 1000 Γ
650 958 866 1010 ανυμήδηε
1803 968 1849 1001 ‘10

306 1037 352 1069 45
383 1027 490 1080 Ζηνὶ
519 1026 654 1070 τωῦτ’
684 1028 754 1071 ἐπὶ
786 1028 924 1080 χρέοε.

383 1098 442 1141 ῶε
474 1096 519 1141 δ’
550 1097 746 1152 ἄφαντος
778 1098 950 1152 ἔπελες,
982 1098 1085 1141 οὐδὲ

680 1171 806 1223 ματρὶ
836 1170 980 1213 πολλὰ
1009 1169 1231 1223 μαιόμενοι
1263 1171 1408 1222 φῶτε(
1438 1169 1616 1224 ἄγαγον,

385 1240 539 1284 ἔννεπε
569 1244 713 1297 κρυφᾷ
744 1255 807 1284 τιε
838 1241 986 1297 αὐτίκα
1017 1242 1248 1294 φθονερῶν
1278 1241 1498 1295 γειτόνων,
1800 1252 1848 1286 75

383 1311 541 1356 ὕδατος
571 1311 638 1369 ὅτι
667 1325 714 1356 τε
746 1313 848 1366 πυρὶ
877 1313 1046 1357 ζέοιεαν
1077 1311 1137 1355 εἰ(
1168 1310 1307 1364 ἀκμάν
1509 1315 1511 1318 ’

278 1393 352 1439 (50)
385 1384 571 1440 μαχαίρᾳ
600 1383 737 1437 τάμον
768 1378 876 1427 κατὰ
907 1385 1029 1437 μέλη,

307 1464 354 1497 50
383 1455 625 1508 τραπέζαιεί
654 1453 713 1509 τ’,
744 1454 853 1509 ἀμφὶ
884 1456 1086 1507 δεύτατα,
1117 1457 1255 1508 κρεῶν
1673 1466 1675 1468 ·
1800 1466 1847 1499 80

384 1527 506 1570 εέθεν
538 1526 789 1571 διεδάεαντο
820 1527 890 1570 καὶ
920 1526 1077 1580 φάγον.
1771 1518 1773 1520 ’

395 1665 546 1703 87—88
577 1668 615 1703 ἐς
646 1677 707 1703 om
737 1666 940 1712 Thomani3
977 1667 1015 1703 ἐς
1044 1667 1309 1711 εὐνομώτατον
1339 1667 1408 1702 τὸν
1437 1666 1573 1711 ἔρανον
1632 1665 1847 1713 meoptavit

277 1712 469 1750 Hermann
500 1724 575 1760 opp
601 1713 653 1750 VI
678 1718 741 1760 35,
772 1716 840 1751 τὸν
865 1716 1131 1758 εὐνομώτατον
1155 1715 1291 1758 ἔρανον
1316 1714 1356 1750 ἑ(
1378 1714 1490 1758 φιλάν
1514 1717 1579 1750 re?
1636 1713 1746 1761 ergk‚
1781 1714 1847 1751 ἐπ’

277 1763 365 1806 εὐν.,
394 1762 518 1797 cetera
543 1773 628 1797 cum
652 1761 828 1809 Bergkio,
852 1761 1036 1808 Hartung.
1086 1760 1182 1796 Mihi
1206 1760 1360 1806 quidem
1385 1760 1565 1796 articulus
1590 1760 1728 1797 eximia
1752 1771 1846 1807 qua-

278 1808 366 1844 dam
391 1820 476 1844 cum
500 1809 686 1856 gravitate
710 1809 857 1855 positus
882 1809 1047 1854 videtur,
1084 1810 1128 1844 ut
1158 1808 1368 1849 convivium
1397 1807 1511 1854 illud,
1548 1809 1650 1854 quod
1679 1811 1779 1846 esset
1805 1809 1846 1846 in

277 1855 434 1901 fabulis,
466 1857 504 1891 et
529 1856 759 1892 celebratum
782 1868 824 1893 re
847 1867 936 1892 vera
960 1867 1042 1892 esse
1066 1857 1105 1891 et
1128 1857 1172 1891 ut
1195 1855 1303 1902 pium
1327 1857 1440 1902 atque
1465 1856 1644 1893 sollemne
1669 1856 1718 1892 ab
1743 1857 1846 1894 omni

277 1902 411 1939 fraude
437 1903 603 1939 alienum
627 1903 744 1940 fuisse
769 1904 1045 1952 significaretur
1075 1903 1130 1950 (of
1151 1905 1281 1950 ἀνόμῳ
1305 1905 1467 1950 τραπέζῃ
1499 1903 1625 1940 Herod
1648 1903 1667 1940 1
1691 1907 1774 1952 162)

277 1949 327 1986 41
361 1953 526 1995 χρυεέαιε
557 1953 638 1988 κάν’
670 1951 709 1996 0,
740 1963 787 1988 -ct
811 1954 880 1988 κάν
905 1952 957 1996 D,
988 1963 1058 1988 -ειν
1082 1952 1142 1987 ἀν’
1172 1950 1245 1997 (vel
1270 1952 1330 1998 ἀν)
1360 1951 1482 1998 vulgo,
1513 1953 1692 1998 χρυεέαιςί
1719 1954 1764 1989 τ’
1786 1954 1847 1990 ἀν’

277 1997 329 2033 Ει·
347 1997 517 2043 Schmid3
542 1998 725 2035 librorum
748 1999 825 2036 lect
848 1999 904 2046 (cf
918 1999 1035 2035 etiam
1053 1998 1158 2034 schol
1175 1999 1207 2034 Ξ
1227 2000 1311 2045 351)
1336 1999 1401 2044 qui
1419 1999 1593 2045 retinent,
1618 1999 1845 2036 infinitivum

278 2049 474 2090 μεταβᾶεαι
499 2047 566 2087 ,aut
591 2058 676 2083 cum
694 2046 909 2083 Hermanno
935 2057 980 2082 ex
1004 2048 1161 2091 ἁρπάεαι
1187 2047 1431 2091 suspendunt,
1460 2049 1526 2083 aut
1551 2058 1636 2083 cum
1653 2047 1844 2084 Boeckhio

278 2103 323 2129 ex
347 2095 511 2137 δαμέντα
535 2095 667 2141 ἱμέρῳ,
698 2095 813 2141 pauci
837 2094 940 2140 quod
964 2093 1082 2130 sciam
1108 2093 1291 2140 asyndeto
1317 2094 1480 2130 admisso
1506 2106 1527 2130 e
1550 2095 1663 2131 verbo
1689 2097 1845 2140 φθέγξο-

278 2153 351 2184 μαι.
399 2140 548 2177 Erasmi
571 2141 752 2178 honorem
775 2142 943 2178 restituit
966 2141 1172 2177 Mauricius
1204 2141 1285 2188 (ind
1308 2142 1373 2178 Ien
1393 2146 1484 2178 1879
1509 2154 1535 2189 p
1555 2146 1577 2179 5
1602 2144 1682 2190 not)
1707 2143 1757 2179 cll
1781 2144 1844 2189 ἅρ-

276 2189 364 2224 πας’
389 2190 515 2232 ἔνεγκε
539 2201 582 2225 τε
606 2192 748 2235 χρυεέῳ
773 2211 808 2217 --
834 2190 958 2235 δίφρῳ
986 2189 1016 2224 Ρ
1040 2188 1091 2224 [Χ
1110 2192 1131 2224 6
1228 2187 1278 2225 43
1305 2192 1478 2235 δεύτερος
1501 2190 1649 2226 Hecker
1672 2190 1796 2226 Philol
1821 2194 1851 2226 6>

279 2236 402 2282 (1850)
420 2239 491 2271 440
587 2235 741 2273 46-66
765 2237 1007 2283 perierunt
1031 2236 1078 2272 in
1096 2237 1133 2272 B
1157 2238 1262 2283 post
1286 2236 1352 2272 fol
1370 2241 1414 2274 2*
1508 2237 1557 2274 47
1586 2242 1711 2284 κρυφᾷ
1729 2239 1767 2275 Α
1785 2248 1844 2274 so-

276 2283 354 2327 lus;
389 2283 463 2328 prll
487 2282 558 2317 11⁸²
606 2288 805 2329 φθονερῶν
829 2296 871 2321 τε
894 2296 984 2327 γειτ.
1012 2284 1043 2320 Ο
1135 2283 1186 2320 48
1211 2286 1269 2321 ὅτι
1292 2296 1335 2321 τε
1357 2285 1463 2331 libri3
1493 2285 1737 2333 grammatici
1755 2285 1844 2321 Ale·

277 2329 452 2365 xandrini
477 2331 516 2365 et
539 2330 670 2367 Aelius
694 2331 880 2367 Aristides
905 2332 936 2378 <1
953 2335 1023 2367 442
1050 2331 1098 2379 D)
1122 2331 1214 2377 quid
1237 2332 1415 2379 legerint,
1443 2343 1520 2369 non
1542 2333 1680 2379 liquet,
1712 2343 1843 2378 quam-

278 2387 392 2423 quam
417 2379 593 2422 τεμόντεε
617 2390 654 2415 (ε
680 2379 788 2415 schol·
810 2379 855 2424 0,
886 2381 1011 2424 τεμών
1035 2391 1072 2416 (ε
1104 2379 1208 2416 schol
1232 2380 1273 2416 E
1301 2382 1340 2416 et
1362 2383 1431 2417 τὸν
1454 2382 1608 2417 Πέλοπα
1632 2382 1728 2418 κατὰ
1753 2382 1843 2426 μέλη

276 2426 465 2470 τμηθέντα
490 2427 680 2470 ἑψηθέντα
704 2426 908 2471 Aristides;
941 2428 986 2463 τὸ
1010 2429 1052 2463 τὲ
1075 2429 1242 2472 περιεεόν
1266 2429 1323 2474 (ut
1346 2427 1387 2464 in
1411 2428 1658 2473 dichotomia,
1683 2438 1798 2474 quam
1822 2439 1844 2464 e

276 2472 423 2518 Heynio
449 2473 622 2509 statuunt
645 2473 924 2510 Rauehenstein
950 2485 1070 2510 comm
1093 2474 1124 2510 P
1147 2474 1182 2510 H
1203 2479 1237 2520 9,
1268 2475 1502 2512 Friederichs
1526 2476 1650 2511 Pindd
1675 2475 1718 2511 St
1741 2477 1778 2523 6)
1802 2476 1843 2524 gl

277 2519 332 2564 Γ,
368 2532 411 2557 τε
441 2520 744 2556 coniunctionem
773 2521 961 2567 putabant
985 2521 1136 2558 Boeckh
1167 2524 1206 2558 et
1229 2522 1436 2568 Hermann,
1474 2535 1510 2560 (ε
1542 2535 1600 2559 scr
1624 2522 1781 2570 Bergk,.
1799 2534 1844 2560 τε

276 2568 336 2613 (=
355 2569 407 2612 ce)
429 2569 531 2604 recte
555 2569 709 2604 tuentur
733 2567 858 2605 Christ
883 2569 1030 2617 Sitzgsb
1054 2569 1150 2616 bayr
1173 2570 1234 2605 Ak
1259 2574 1363 2616 1891,
1390 2575 1435 2607 28
1461 2570 1578 2618 [idem
1603 2574 1694 2607 1896
1721 2569 1843 2618 edidit

277 2615 336 2696 <q
354 2616 393 2650 et
412 2615 486 2651 Jek
502 2615 779 2663 Wackernagel
803 2616 924 2665 Indog
940 2617 1078 2654 Forsch
1097 2617 1171 2653 edd
1189 2617 1220 2653 B
1348 2619 1388 2654 et
1405 2618 1574 2664 Streitbg
1592 2618 1611 2652 1
1630 2620 1734 2661 1892,
1754 2620 1842 2661 3613

277 2662 351 2706 prl
375 2662 444 2697 11⁷⁶
504 2664 683 2708 {vs-vett,
708 2666 802 2709 ἀμφ’
825 2665 1015 2711 interpoll,
1041 2665 1092 2701 ei<
1116 2676 1137 2701 e
1162 2665 1250 2701 scho
1304 2665 1524 2710 Mommsen,
1548 2664 1692 2710 recepit
1716 2663 1842 2710 Bergk

277 2709 433 2754 (addens
461 2710 549 2746 ‘nisi
573 2710 673 2756 forte
698 2711 848 2758 gravius
873 2713 1006 2750 vitium
1031 2713 1250 2759 delitescit’)
1356 2712 1409 2749 49
1440 2713 1535 2748 κατὰ
1561 2713 1650 2755 μέλη
1678 2712 1840 2757 (καταμ.)

277 2755 365 2791 libri
390 2768 410 2793 c
434 2757 553 2796 sehon
572 2760 611 2794 et
629 2758 806 2805 Aristide,
831 2761 926 2797 κάτα
943 2760 1134 2797 Hermann
1153 2770 1202 2806 ap
1221 2759 1410 2805 Heynium
1426 2758 1632 2804 plaudente
1650 2756 1841 2793 Boeckhio

325 2815 375 2851 50
401 2818 433 2852 δ’
451 2817 528 2852 Ath
546 2821 645 2862 6410,
671 2829 732 2853 om
749 2818 873 2864 partic
891 2819 932 2855 D
992 2821 1087 2864 ἀμφὶ
1107 2820 1267 2855 δεύτατα
1287 2806 1510 2862 (ἀμφιδευττ
1528 2816 1583 2862 D)
1603 2814 1693 2850 libri
1712 2825 1840 2851 omnes

275 2862 336 2907 (=
357 2861 456 2911 Greg
474 2864 546 2900 Cor
569 2877 595 2911 p
614 2867 716 2913 207),
740 2866 815 2902 nisi
840 2867 942 2912 quod
965 2867 1226 2911 ἀμφιδεύματα
1244 2864 1314 2900 Vae
1337 2865 1446 2910 (ἀμφὶ
1471 2864 1632 2899 δεύτατα
1655 2861 1758 2898 idem
1777 2865 1840 2909 1⁹⁶),

278 2909 377 2945 unde
402 2912 495 2955 ἀμφὶ
521 2914 686 2956 δεύματα
703 2913 768 2957 W3
794 2915 1004 2958 ἀμφιδευρα
1028 2913 1090 2959 (de
1114 2921 1244 2947 mensa.
1262 2910 1426 2945 secunda
1444 2908 1558 2946 verba.
1575 2908 1734 2957 faciens)
1750 2910 1839 2956 Ath,

279 2956 344 2999 qui
369 2958 592 2994 sententiam
616 2959 691 2994 loci
721 2971 818 2994 unus
849 2959 1015 2995 omnium
1044 2959 1251 2994 rectissime
1282 2957 1429 2993 videtur
1452 2957 1694 3003 perspexisse.
1745 2956 1841 2994 Sunt
