2014 3360
704 211 1074 251 PROLEGOMENA
1097 211 1151 249 IV
1654 212 1708 256 67

344 329 541 369 testarum
578 327 779 386 suffrag-iis
815 327 858 367 in
895 326 1079 368 exsilium
1113 326 1259 368 missus
1302 320 1415 382 (OIA
1444 326 1504 367 IV
1537 328 1582 379 1,
1614 328 1713 378 102,

342 394 501 435 Aristo:
542 390 617 435 Ἀθ
654 392 741 434 ποι
781 388 876 449 22),
918 393 998 433 nisi
1032 393 1137 433 forte
1180 404 1271 432 oum
1309 391 1484 434 christio
1519 393 1712 444 intem-pre-

342 461 462 512 teris:
492 456 519 500 ὁ
545 457 599 500 δὲ
630 453 709 514 (=-
740 455 894 499 οὗτοε
924 453 994 514 δὲ)
1023 457 1103 508 τὴν
1134 453 1196 507 κς’
1228 452 1307 513 (sic
1335 471 1440 499 unus
1472 459 1546 499 cod
1569 459 1613 498 D
1644 459 1714 510 qui

344 538 467 578 supra
497 537 519 565 ο
549 524 685 566 EGV
709 523 789 574 τὴν
819 518 879 565 κε’
905 525 1001 565 πυθ.
1031 518 1211 579 exhibet)
1242 521 1335 575 [scil
1365 522 1555 565 πυθιάδα
1574 515 1714 579 ’(ᾳιιοᾱ

341 592 426 632 iam
450 604 569 644 aegre
593 585 811 646 desideres)
839 586 1062 641 ἑνίκηεεν],
1093 588 1240 640 ἕτερος
1266 585 1310 629 δ’
1333 586 1389 630 ἂν
1413 586 1480 639 εἴη
1506 584 1715 645 (videlicet

347 655 515 698 ἐκεῖνος
552 653 580 697 ὁ
615 655 694 707 τὴν
730 651 794 707 μῖ
826 653 892 697 ὀλ.
922 653 1153 704 νενικηκὼς
1178 676 1236 683 -
1261 650 1527 711 Ἀλκμέωνῗ)
1566 654 1713 704 Μεγα-

343 723 446 774 κλῆς
469 720 613 776 τούτῳ
638 719 877 773 ὁμώνυμος.
926 721 987 761 De
1011 715 1072 770 κς’
1099 717 1165 761 ὀλ.
1189 720 1283 760 Phil
1304 722 1360 761 54
1381 715 1541 776 (1895)
1568 722 1653 761 282
1672 735 1712 762 n.

154 788 189 828 P
213 788 315 829 VIII
345 785 628 839 Ἀριστομένει
659 785 859 841 Αἰγινήτῃ
898 786 1107 840 παλαιετῇ
1144 780 1272 845 (inser
1302 798 1368 826 om
1396 782 1470 842 B).
1504 809 1562 815 —
1599 786 1725 838 vucfi-

345 865 464 896 (αντι
500 852 582 905 τὴν
618 848 681 894 λε’
720 856 817 895 πυθ.
857 852 1193 894 consentientibus
1230 852 1344 893 libris
1380 853 1461 893 nisi
1498 852 1601 904 quod
1639 865 1714 905 pro

343 916 532 960 πυθιάδα
556 920 599 960 D
629 920 754 960 minio
790 919 972 959 additum
997 918 1157 959 exhibet
1187 915 1444 968 ὀλυμπιάδα.
1493 918 1715 959 Numerum

344 986 540 1026 traditum
583 987 720 1026 contre.
762 985 886 1026 Odofr
927 985 1073 1024 Mffller
1120 978 1315 1039 (Aeginet
1359 984 1619 1035 1817,177
1655 979 1715 1040 ss)

345 1052 525 1103 aliosque
554 1052 654 1092 bene
685 1051 865 1092 defendit
887 1051 996 1102 Leop
1023 1049 1204 1090 Schmidt
1234 1043 1358 1104 (Pind
1382 1049 1517 1090 Leben
1541 1064 1569 1090 u
1593 1049 1714 1090 Dich-

344 1119 447 1170 tung
480 1119 593 1158 1862
626 1131 653 1169 p
681 1112 813 1186 398)
819 1117 993 1169 Bergkio
1023 1129 1103 1157 non
1132 1116 1327 1167 probante
1357 1109 1421 1171 (cf
1446 1115 1604 1168 Krfiger
1633 1116 1717 1156 hist

242 1191 314 1224 446
345 1183 474 1235 philol
501 1183 629 1223 Studd
652 1183 675 1222 I
701 1185 788 1224 190
796 1170 883 1239 ss)
937 1182 1049 1222 Vicit
1080 1182 1205 1234 igitur
1228 1181 1502 1222 Aristomenes
1526 1182 1567 1222 ol
1592 1182 1662 1232 83,
1688 1183 1713 1222 3

345 1249 531 1288 undecim
560 1250 644 1288 fere
676 1250 791 1290 annis
821 1251 916 1301 post
938 1248 1225 1301 Aeginetarum
1254 1247 1486 1288 libertatem
1516 1248 1566 1288 ab
1591 1247 1715 1288 Athe-

348 1314 552 1355 niensibus
584 1327 826 1366 oppressam.

197 1379 230 1419 P
261 1380 319 1420 IX
351 1377 645 1430 Τελεεικράτει
691 1378 914 1434 Κυρηναίῳ
958 1376 1259 1433 ὁπλιτοδρόμῳ
1309 1375 1484 1433 (ὁπλίτῃ
1528 1379 1638 1420 schol
1673 1380 1716 1420 B

347 1444 375 1496 ξ
401 1446 442 1495 2,
472 1441 693 1495 ὁπλιτηδρ.
721 1446 812 1498 ΧΖ,
842 1446 947 1487 unde
974 1442 1128 1499 ὁπλίτῃ
1153 1442 1300 1498 δρόμῳ
1325 1440 1491 1500 Bergk).
1518 1467 1575 1473 —
1601 1445 1714 1497 νική-

347 1521 466 1551 εαντι
490 1509 570 1560 τὴν
594 1506 658 1561 κη’
684 1513 783 1552 πυθ.
810 1507 892 1566 (κη’
920 1515 983 1552 ter
1000 1511 1042 1552 B
1067 1512 1134 1563 all,
1166 1505 1231 1562 λη’
1252 1506 1373 1566 GU),
1403 1513 1455 1565 τῇ
1480 1510 1529 1551 δὲ
1555 1505 1592 1551 λ’
1620 1508 1715 1552 (τά-

348 1576 455 1616 διον.
517 1575 566 1615 Ιιι
598 1576 724 1617 eltero
756 1577 908 1618 scholio
939 1575 1103 1628 ἐνίκηεε
1135 1576 1281 1629 μέντοι
1312 1575 1380 1618 καὶ
1410 1573 1584 1618 ετάδιον
1618 1575 1716 1629 [τὴν

349 1635 387 1682 λ’
419 1639 556 1692 πυθ.]·
595 1639 650 1682 οὐ
680 1640 883 1693 φαίνεται
914 1641 962 1684 δὲ
994 1640 1021 1684 ὁ
1051 1640 1270 1694 Πίνδαρος
1299 1640 1456 1693 ταύτης
1486 1643 1563 1694 τῆ(
1597 1640 1717 1694 νίκης

346 1704 642 1757 μνημονεύειν,
672 1703 775 1748 ἵεωε
805 1705 874 1749 ὅτι
904 1706 1162 1759 προφθάεαε
1195 1707 1288 1761 [τῆς
1311 1702 1395 1761 κη’]
1425 1705 1618 1759 ἔγραψεν
1642 1722 1715 1748 ιιιι-

346 1784 476 1812 meros
512 1772 647 1823 inepte
685 1773 860 1815 adiectos
903 1787 988 1815 esse
1031 1775 1136 1815 vidit
1172 1775 1317 1828 Bergk.
1381 1774 1548 1816 Carmen
1590 1775 1717 1827 igitur

247 1846 320 1879 474
351 1837 654 1878 adscribendum
683 1839 786 1890 pyth
819 1841 874 1880 28
907 1834 968 1895 (ol
1002 1842 1070 1892 76,
1102 1836 1160 1897 3).

218 1903 252 1944 Ρ
283 1904 321 1944 Χ
348 1900 564 1945 Ἱπποκλεῖ
610 1902 781 1956 [EFGI
784 1905 830 1955 V,
873 1906 980 1957 quod
1019 1906 1111 1947 dedi
1148 1919 1170 1947 c
1200 1907 1394 1960 Bergkio,
1436 1905 1560 1960 -κλέᾳ
1595 1907 1717 1960 vulgo

349 1969 473 2009 edunt
503 1981 594 2009 cum
623 1968 844 2023 Galliergo,
881 1984 948 2012 om
977 1972 1080 2023 BD,
1123 1971 1228 2015 δέον
1257 1970 1504 2026 ἫΙπποκλέᾳ
1546 1970 1597 2013 τὸ
1633 1972 1717 2023 γὰρ

348 2031 488 2084 ὄνομα
518 2032 573 2085 ἦν
603 2031 870 2086 “,Ιπποκλέαε
914 2034 975 2077 ὡς
1007 2036 1078 2078 καὶ
1115 2036 1247 2079 αὐτὸς
1285 2035 1312 2080 ὁ
1341 2036 1562 2088 Πίνδαρος
1598 2033 1645 2094 (v
1677 2040 1715 2080 5.

351 2095 428 2156 57)
466 2099 592 2150 δηλοῖ
634 2100 744 2140 schol
786 2101 893 2142 inser
927 2102 970 2142 B
1010 2101 1090 2155 eet]
1138 2102 1342 2157 Θεεεαλῷ
1385 2102 1504 2145 παιδὶ
1547 2104 1717 2145 διαυλο-

349 2163 507 2241 δρόμῳ.
536 2187 588 2194 -
622 2163 762 2216 ἐνίπτ
765 2178 786 2206 ε
817 2164 866 2206 δὲ
898 2165 978 2220 τὴν
1002 2163 1065 2219 κβ
1092 2172 1190 2211 πυθ.
1215 2164 1377 2225 (BDU,
1404 2164 1471 2221 μβ’
1491 2170 1535 2221 V,
1566 2164 1629 2220 κη’
1648 2165 1716 2226 Ε)

250 2240 322 2274 498
352 2232 368 2272 i
399 2245 421 2272 e
460 2231 500 2272 01
539 2232 614 2282 70,
649 2232 694 2282 3,
736 2231 912 2272 Pindaro
954 2233 1188 2275 vicesimum
1230 2237 1379 2277 natalis
1422 2236 1503 2277 diei
1544 2236 1717 2320 reditum

353 2300 506 2352 egente.

206 2366 238 2407 P
265 2366 323 2408 XI
354 2360 605 2417 Θραευδαίῳ
631 2360 805 2415 Θηβαίῳ
836 2361 957 2404 παιδὶ
980 2365 1143 2406 (ταδιει
1166 2360 1322 2421 (vulgo,
1347 2364 1641 2421 εταδιοδρόμῳ
1667 2367 1718 2418 G,

351 2445 418 2472 om
438 2431 544 2471 inser
561 2423 675 2485 BD).
697 2451 753 2457 —
780 2426 1035 2482 Θραευδαίῳ
1060 2429 1181 2471 παιδι
1201 2430 1376 2486 Θηβαίῳ
1403 2434 1563 2474 εταδιει
1587 2428 1717 2488 (schol

351 2493 413 2554 B)
444 2495 654 2547 νικήεαντι
685 2490 803 2551 (τὴν)
836 2490 900 2545 κη’
925 2489 1005 2549 (κε’
1033 2489 1092 2550 V)
1124 2494 1315 2538 πυθιάδα
1346 2493 1541 2553 (ετάδιον
1567 2499 1645 2539 edd
1671 2499 1717 2548 V,

353 2564 475 2616 vulgo
495 2556 579 2617 om)
605 2573 673 2602 και
696 2560 775 2611 τὴν
801 2554 866 2610 λγ’
886 2552 1067 2601 δίαυλον
1094 2559 1138 2611 [ἢ
1159 2559 1333 2603 ετὰδιον
1356 2558 1446 2621 (καὶ
1465 2575 1523 2605 ετ.
1543 2559 1713 2619 Bergk)]

354 2626 526 2680 ἄνδρας.
588 2627 614 2679 ξ
641 2629 704 2667 2⁸:
735 2625 972 2676 γέγραπται
1002 2625 1086 2678 τῷ·
1097 2626 1366 2681 προκειμένῳ
1397 2629 1611 2681 νικήεαντι
1638 2629 1717 2679 τὴν

354 2692 421 2744 λγ’
439 2697 535 2736 πυθ.
561 2691 722 2747 διαύλῳ
742 2687 864 2756 §DE
886 2691 962 2732 hoc
986 2691 1095 2731 schol
1121 2704 1186 2731 om
1209 2691 1251 2730 B
1277 2695 1318 2731 et
1342 2694 1391 2732 ed
1415 2690 1550 2750 Rom).
1598 2694 1625 2746 ξ
1653 2690 1717 2734 2”’;

354 2758 433 2802 οὐκ
464 2758 524 2801 εἰ(
560 2759 639 2810 τὴν
676 2757 854 2799 διαύλου
892 2754 959 2812 (δὲ
997 2757 1074 2797 add
1111 2755 1246 2796 Triel?
1283 2770 1349 2797 om
1384 2757 1563 2811 B[D]E
1595 2755 1717 2814 Rom)

354 2823 476 2877 νίκην
506 2823 676 2877 γράφει,
708 2821 804 2873 ἀλλ’
834 2822 895 2865 εἰς
924 2822 1003 2874 τὴν
1033 2823 1111 2864 τοῦ
1143 2819 1326 2863 εταδίου.
1387 2822 1563 2865 Puerum
1593 2826 1716 2865 victo-

352 2905 439 2932 rem
468 2892 642 2932 carmine
673 2890 864 2932 celebrari
893 2892 1013 2942 poeta
1042 2889 1127 2941 ipse
1157 2887 1316 2928 videtur
1346 2888 1570 2940 significare
1602 2904 1628 2930 v
1661 2891 1715 2929 14

354 2958 489 2999 dicens
524 2960 693 3010 paterna
729 2958 772 2997 in
809 2970 879 2997 ars
921 2969 1012 2996 eum
1054 2956 1215 2995 tertiam
1258 2966 1445 2994 coronam
1487 2954 1715 3006 deposuisse

1383 3020 1429 3057 5·
