2014 3360
273 201 360 246 190
826 199 1029 238 PINDARI
1052 199 1278 237 GARmA

1126 360 1128 363 ¹
1685 323 1769 364 ςτρ.
1800 308 1838 353 δ’

336 398 338 400 ·
367 380 510 425 καλός.
558 379 585 424 ὁ
615 380 663 424 δὲ
692 379 985 433 Ῥαδάμανθυς
1015 378 1065 424 εὖ
1094 380 1330 434 πέπραγεν,
1360 379 1427 423 ὅτι
1458 382 1638 434 φρενῶν

366 451 496 505 ἔλαχε
527 451 693 505 καρπὸν
722 449 964 507 ἀμώμητον,
994 449 1089 495 οὐδ’
1117 449 1316 494 ἀπάταιςι
1347 455 1420 495 θυ-
1768 462 1838 496 135

675 522 757 576 μὸν
784 522 985 575 τέρπεται
1015 520 1206 575 ἔνδοθεν,
1775 549 1778 551 -

291 603 337 638 ‘15
368 592 441 638 οἷα
471 592 668 647 ψιθύρων
698 592 912 646 παλάμαις
943 591 1066 637 ἕπετ’
1097 593 1179 636 αἰεὶ
1211 596 1361 649 βροτῷ.

369 663 536 718 ἄμαχον
566 665 698 709 κακὸν
728 663 989 718 ἀμφοτέροις
1019 664 1244 718 διᾶβολιᾶν
1275 663 1532 718 ὑποφάτιες,
1769 675 1839 708 140

369 735 519 788 ὀργαῖς
548 734 698 779 ἀτενὲς
728 734 967 780 ἀλωπέκων
996 734 1141 778 ἴκελοι.

374 807 513 860 κέρδει
543 807 592 850 δὲ
621 806 662 849 τί
693 802 807 859 μάλα
835 808 966 850 τοῦτο
997 805 1234 858 κερδαλέον
1263 807 1446 860 τελέθεις

273 922 402 959 ‘nosce
424 923 478 960 te’
505 922 607 959 idem
637 932 712 970 opp
736 921 806 958 vn
825 925 894 959 120
936 921 1121 967 similiter,
1152 922 1278 966 γένοιο
1303 923 1432 967 μαθών
1451 939 1497 954 ==
1516 924 1645 968 μάθοις
1667 922 1839 972 iungens,

276 969 507 1017 Comparetti
531 970 655 1007 Philol
673 974 731 1016 28,
751 972 846 1017 396).
933 979 1042 1005 ovam
1065 969 1166 1006 viam
1188 969 1380 1017 ingressus
1406 971 1465 1007 est
1487 969 1612 1018 Bergk
1637 972 1767 1017 μαθὼν
1782 973 1841 1009 πί-

273 1020 354 1055 θων
379 1018 540 1066 iungens
565 1018 615 1066 (ol
638 1017 710 1055 Ael
731 1018 759 1054 h
784 1022 833 1054 'an
851 1016 886 1053 V
905 1020 968 1053 26:
1001 1018 1062 1054 καί
1086 1018 1248 1062 ὀρχεῖται
1272 1021 1366 1061 γοῦν
1391 1019 1428 1064 [ὁ
1446 1017 1625 1066 πίθηκος]
1650 1019 1716 1056 ἐὰν
1740 1019 1838 1067 μάθῃ

273 1068 334 1102 καὶ
359 1067 521 1103 αὐλεῖται
545 1067 612 1103 ἐὰν
644 1066 818 1112 διδάξῃς).
869 1063 973 1108 Quae
1002 1063 1078 1100 hue
1109 1063 1244 1101 afferre
1275 1063 1399 1101 solent
1425 1070 1528 1104 τοῖος
1558 1067 1632 1102 ἐὼν
1661 1066 1742 1103 οἷός
1770 1067 1841 1105 ἐςςι

274 1123 321 1149 ex
343 1111 525 1158 Homero,
559 1114 637 1151 ἔστ’
661 1114 707 1150 ἂν
732 1114 777 1160 ᾗς
801 1113 881 1150 οἷός
902 1123 973 1158 περ
997 1114 1032 1149 εἳ
1055 1121 1103 1149 ex
1126 1111 1230 1157 aliis,
1264 1113 1304 1148 et
1326 1111 1446 1149 multo
1470 1112 1653 1149 minorem
1682 1113 1759 1150 vim
1787 1113 1841 1150 vi-

274 1160 410 1197 dentur
439 1160 579 1197 habere
609 1171 731 1207 neque
762 1159 970 1206 quidquam
994 1159 1123 1196 valent
1146 1159 1197 1195 ad
1220 1159 1376 1195 verbum
1403 1162 1533 1203 μαθών
1556 1160 1839 1207 illustrandum3

274 1207 376 1254 quod
398 1209 443 1245 ut
465 1211 566 1246 reete
590 1208 889 1255 interpretemur,
914 1206 994 1243 iam
1016 1206 1082 1253 qui
1107 1206 1184 1244 sint
1209 1206 1318 1253 pueri
1349 1206 1425 1253 illi,
1457 1207 1541 1253 quis
1573 1208 1683 1244 simia
1712 1208 1840 1246 videa-

273 1267 374 1292 mus:
413 1258 463 1301 μὴ
493 1257 624 1293 πείθου
653 1260 736 1293 ταῖς
765 1259 845 1293 τῶν
869 1257 1039 1292 κολάκων
1064 1258 1127 1301 (ω
1143 1258 1223 1291 τῶν
1245 1254 1406 1300 παίδων)
1432 1255 1590 1292 ἀπάταις
1607 1276 1652 1283 -
1671 1257 1794 1302 ὥςπερ
1818 1258 1840 1294 ό

273 1304 394 1340 πίθων
414 1302 519 1340 schol
539 1303 637 1349 181⁸,
663 1305 705 1341 at
729 1305 859 1341 contra
883 1304 906 1339 ὁ
932 1302 1159 1348 Βακχυλίδης
1180 1303 1284 1348 παρὰ
1306 1304 1405 1339 παιςί
1429 1303 1497 1347 μὲν
1521 1304 1678 1348 άφροςιν
1701 1305 1841 1342 εὐδοκι-

274 1351 399 1397 μείτω,
429 1352 530 1397 παρὰ
555 1353 596 1388 δὲ
620 1354 674 1388 ςοί
699 1355 805 1398 ςοςρῴ
831 1352 911 1387 ὄντι
940 1350 1098 1395 πίθηκος
1128 1351 1222 1386 ἔςτω
1253 1348 1383 1396 schol⁶
1412 1350 1473 1397 (ev
1499 1350 1645 1398 188¹·²>;
1683 1361 1841 1397 quorum

274 1408 359 1434 eum
384 1398 503 1435 altero
526 1398 622 1436 facit
646 1397 810 1435 Galenus
836 1398 883 1434 de
907 1409 979 1433 usu
1002 1399 1091 1444 part
1114 1397 1131 1432 1
1149 1401 1196 1432 22
1220 1396 1319 1437 hane
1342 1396 1498 1433 Pindari
1522 1397 1672 1434 simiam
1694 1401 1842 1446 ἄθυρμα

271 1449 418 1489 γελοῖον
441 1448 654 1484 παιζόντων
675 1448 820 1483 παίδων
847 1446 986 1481 dicens.
1037 1444 1111 1481 Sed
1135 1443 1288 1482 fuerunt
1311 1455 1430 1490 usque
1455 1445 1505 1480 ad
1528 1445 1629 1482 hunc
1653 1445 1754 1482 diem
1775 1446 1842 1493 qui

272 1491 1473 1587 ffisssshssffi”fflffltjmufflgssffissvfiuffit‘ffifflssmv
1447 1492 1842 1586 '⁷3²³*522302'1f00123‘33

272 1587 363 1624 Frid
388 1587 558 1626 Solmsen
581 1589 641 1625 Rh
659 1580 743 1627 Mus
766 1553 824 1634 δὲ
846 1591 949 1633 1898,
970 1590 1039 1624 186
1058 1588 1120 1635 ss),
1145 1588 1190 1627 ut
1212 1586 1309 1623 nihil
1333 1569 1459 1624 dica'm
1483 1568 1539 1629 de,
1555 1588 1724 1635 specioso
1749 1600 1841 1635 quo-

273 1635 361 1671 dam
386 1636 572 1673 Huschkii
602 1636 760 1684 (miseell
790 1635 913 1683 philol
937 1635 984 1672 ed
1008 1634 1195 1672 Matthiae
1218 1635 1236 1670 I
1255 1637 1315 1683 30)
1345 1635 1509 1682 invento,
1543 1646 1618 1682 quo
1647 1635 1754 1683 pauli
1801 1647 1842 1673 er

274 1683 453 1730 deceptus
476 1686 578 1730 πάρα
599 1685 721 1721 παιςίν
745 1684 818 1731 (‘in
843 1693 906 1720 ore
931 1685 989 1720 est
1011 1681 1170 1730 pueris')
1193 1682 1315 1720 voluit
1334 1682 1526 1719 Hermann
1550 1684 1677 1730 (quem
1701 1684 1752 1720 ad
1802 1695 1841 1720 o-

274 1741 362 1766 nam
386 1731 534 1778 frugem
558 1743 598 1768 se
622 1731 867 1787 recipientem
891 1730 977 1767 vide
1002 1741 1078 1777 opp
1096 1729 1163 1766 Vll
1182 1731 1275 1777 119).
1326 1729 1401 1767 Sed
1431 1730 1611 1776 quoniam
1640 1733 1771 1775 μαθών
1802 1734 1842 1768 et

271 1780 373 1824 παρὰ
395 1780 515 1816 παιςίν
541 1779 682 1826 opponi
706 1782 806 1816 mter
829 1789 869 1815 se
894 1780 1070 1825 apparet,
1101 1780 1145 1815 tu
1175 1788 1223 1814 ne
1253 1779 1288 1824 (c
1312 1778 1476 1834 Bergkio
1502 1778 1568 1826 all)
1599 1778 1770 1816 offendas
1799 1779 1840 1815 in

272 1825 437 1863 Pindaro
462 1826 685 1873 disciplinae
709 1827 836 1874 potius
861 1826 933 1862 hoc
956 1826 1039 1862 loco
1065 1836 1179 1872 quam
1203 1825 1341 1861 insitae
1365 1825 1514 1863 virtutis
1532 1836 1729 1873 praecone,
1754 1826 1839 1863 vide

272 1874 436 1919 Χίρωνος
460 1876 691 1911 διδαςκαλίαν
716 1874 815 1910 P-IV
836 1878 922 1918 102,
946 1873 983 1909 N
1006 1872 1058 1909 m
1078 1877 1140 1918 58,
1174 1873 1235 1909 vel
1265 1873 1358 1919 quid
1389 1873 1565 1910 didicerit
1591 1874 1840 1920 Damophilus

273 1919 304 1956 P
326 1920 379 1956 IV
394 1925 475 1967 284,
500 1921 559 1958 vel
583 1933 658 1958 non
684 1921 859 1958 didicerit
877 1920 1084 1967 Porphyrio
1102 1920 1132 1956 P
1151 1920 1236 1956 VIII
1256 1925 1312 1966 12,
1337 1920 1474 1966 quibus
1494 1921 1592 1957 adde
1610 1921 1841 1958 homericum

271 1967 369 2004 illud
399 1970 478 2006 ἐπεὶ
502 1971 621 2014 μάθον
646 1971 798 2014 ἔμμεναι
828 1971 953 2007 ἑςθλός
982 1970 1014 2007 Ζ
1032 1972 1119 2004 444:
1156 1970 1239 2005 tum
1269 1968 1510 2015 interpretari
1540 1980 1617 2005 non
1647 1969 1840 2007 dubitabis

271 2018 387 2060 γένοι’
411 2017 490 2054 οἶος
514 2018 585 2054 ἑςςί
612 2019 658 2053 οὐ
681 2019 819 2063 τυχών,
846 2018 936 2053 ἀλλὰ
961 2019 1101 2062 μαθών,
1127 2018 1172 2052 οὐ
1196 2021 1282 2053 παῖς
1306 2018 1372 2062 ὧν,
1398 2018 1490 2053 ἀλλὰ
1510 2018 1762 2062 Ῥαδάμανθυς
1785 2029 1840 2054 τις

273 2065 334 2100 καὶ
355 2065 396 2100 ἑν
416 2067 563 2108 βουλαῖς
580 2066 743 2111 πρέςβυς
753 2066 839 2112 (65),
865 2067 909 2101 οὐ
928 2066 1071 2110 νήπιος,
1096 2065 1176 2100 ἀλλ’
1194 2065 1334 2107 ἀγαθός
1358 2063 1401 2109 (Ρ
1420 2063 1471 2099 m
1490 2067 1547 2100 82.
1568 2067 1626 2109 83,
1650 2064 1685 2099 H
1703 2067 1760 2103 81.
1781 2067 1839 2109 96,

273 2109 401 2147 Simon
431 2111 497 2159 [ap
521 2111 608 2148 Plat
632 2112 737 2160 Pr0t]
767 2112 803 2148 fr
827 2115 848 2147 5
874 2112 947 2159 3⁴).
995 2111 1096 2158 Ergo
1127 2121 1206 2147 non.
1225 2113 1270 2148 ut
1293 2122 1334 2146 se
1357 2110 1440 2157 ipse
1464 2113 1597 2148 noscat
1626 2113 1693 2147 aut
1706 2111 1840 2157 qualis

273 2168 297 2193 a
319 2160 457 2195 natura
481 2159 591 2204 quasi
621 2159 744 2196 factus
775 2161 843 2195 aut
874 2159 1104 2207 cogitatione
1133 2158 1409 2205 praeformatus
1440 2169 1521 2194 esse
1552 2158 1626 2194 sibi
1656 2158 1839 2204 videatur,

271 2205 362 2243 talis
392 2205 572 2242 folliculis
602 2207 728 2243 nescio
759 2206 896 2252 quibus
927 2206 1085 2248 abiectis
1116 2206 1270 2251 evadat,
1303 2216 1432 2252 regem
1463 2205 1685 2243 adhortatur
1714 2208 1840 2252 poeta,
1877 2241 1879 2243 ,

272 2252 452 2298 antiquae
476 2253 560 2299 ille,
590 2265 666 2290 non
689 2254 920 2291 renascentis
943 2253 1192 2290 humanitatis
1218 2253 1409 2298 alumnus,
1441 2253 1507 2289 sed
1532 2274 1577 2280 —
1602 2253 1721 2290 multo
1750 2264 1839 2290 sane

273 2300 481 2346 simplicius
506 2322 551 2328 —-
576 2304 620 2338 ut
644 2302 737 2347 quid
767 2302 941 2338 fortunae
972 2300 1196 2347 disciplinae
1227 2301 1347 2338 aetati
1380 2299 1562 2337 debeatur
1594 2311 1737 2337 memor
1769 2302 1836 2344 sit:

271 2349 325 2384 sei
347 2359 422 2384 ‘nur
443 2348 597 2391 wasffiu
620 2349 746 2386 ἀείνων
768 2350 960 2386 Erziehun
1012 2349 1125 2393 nach,
1155 2359 1258 2384 wozu
1288 2347 1341 2384 das
1369 2358 1520 2395 erzoqen
1549 2349 1640 2386 bist!
1681 2348 1840 2396 (Goethe

271 2394 440 2431 llmenau
467 2398 550 2443 178)
598 2395 689 2434 Post
711 2397 831 2434 πίθων
856 2396 933 2433 dist
989 2395 1091 2443 ergk.
1135 2395 1319 2432 Ultimum
1343 2397 1508 2442 systema
1531 2395 1621 2432 inde
1645 2396 1694 2432 ab
1719 2397 1839 2434 altero

272 2444 383 2480 καλός
406 2449 474 2490 pro
499 2443 681 2490 epimetro
707 2444 895 2481 adiectum
919 2443 1036 2480 fuisse
1062 2443 1222 2480 coniecit
1240 2443 1298 2489 Ty
1314 2443 1521 2480 Mommsen
1545 2443 1600 2481 vit
1617 2443 1715 2480 Pind
1735 2448 1838 2490 1845,

273 2493 330 2526 86.
357 2493 402 2526 94
426 2503 452 2526 n
471 2494 553 2536 285,
577 2491 672 2538 prob
697 2491 840 2539 Bergk⁴
956 2490 1004 2528 74
1029 2493 1244 2538 ἀμωμήτων
1267 2491 1405 2527 Jacobs
1430 2491 1533 2527 anim
1556 2491 1634 2527 Eur
1657 2493 1744 2539 trag
1768 2495 1839 2528 290

341 2538 389 2575 75
415 2542 560 2584 βροτῶν
590 2539 680 2575 libri
709 2540 822 2586 (retin
846 2539 1001 2587 Bergk),
1036 2542 1159 2586 βροτῷ
1184 2539 1335 2586 egregie
1359 2538 1548 2583 Heindorf
1573 2540 1636 2586 (ap
1661 2539 1838 2586 Boeckh),

274 2587 361 2622 ante
387 2589 532 2632 βροτῶν
557 2587 668 2634 plene
693 2587 770 2624 dist
794 2587 976 2624 Boehmer
1074 2587 1123 2623 76
1149 2590 1348 2631 διαιβολιᾶν
1372 2587 1516 2634 Bergk,
1547 2589 1677 2624 contra
1701 2589 1839 2633 poetae

272 2644 381 2668 usum
453 2635 680 2681 ὑποφάντιες
702 2635 753 2671 Β
782 2637 843 2681 (ex
866 2632 1070 2681 ὑποφάτιες
1100 2636 1240 2679 ortum3
1280 2634 1432 2671 ‘reem’
1466 2634 1690 2680 Mommsen,
1726 2645 1838 2680 recep

273 2679 440 2728 Bergk1),
465 2683 702 2728 ὑποφάτορες
727 2682 858 2728 Bothe,
883 2684 1114 2728 ὑποφαύτιες
1140 2682 1394 2719 ‘nictationes'
1422 2681 1585 2727 Boeckh‚
1609 2682 1838 2726 ὑποφατίδαι

273 2728 330 2782 §ut
352 2729 608 2773 ποταγωγίδαι
632 2730 803 2766 nonnulli
828 2741 877 2776 ap
897 2730 1042 2766 Aristot
1060 2729 1129 2765 Pol
1148 2728 1275 2770 1313b)
1300 2729 1385 2764 coni
1407 2729 1479 2764 Ber
1504 2728 1549 2773 113
1574 2729 1622 2764 de
1646 2727 1838 2763 femininis

273 2775 358 2811 istis
376 2775 526 2812 Lobeck
545 2777 593 2812 Ai
612 2790 634 2813 v
653 2781 736 2823 880,
760 2777 952 2813 Hermann
971 2788 1046 2824 opp
1065 2777 1134 2812 VII
1154 2780 1234 2821 121,
1259 2775 1359 2812 infra
1377 2776 1427 2811 ad
1444 2775 1481 2810 N
1579 2779 1626 2810 49
1701 2775 1746 2810 77
1767 2775 1838 2810 ἴκε-

272 2824 329 2859 λοι
356 2822 402 2868 0,
432 2825 480 2860 ἵκ.
505 2824 659 2870 plurimi
782 2825 829 2861 78
855 2827 973 2870 κέρδει
999 2827 1039 2860 δὲ
1063 2823 1153 2859 libri
1178 2825 1217 2859 et
1241 2822 1376 2867 scholl,
1410 2821 1614 2858 tuebantur
1642 2821 1859 2871 &astutiae

276 2880 371 2915 vero,
402 2870 417 2906 i
441 2881 462 2906 e
494 2871 629 2909 astutis
659 2871 743 2907 istis
767 2871 1013 2918 hominibus')
1044 2869 1225 2915 Boeckh²,
1256 2869 1430 2920 similiter
1453 2868 1598 2914 Kayser
1627 2867 1704 2904 lect
1725 2867 1757 2904 P
1779 2872 1838 2915 46,

272 2911 415 2964 (ὀργαῖς
434 2938 478 2946 —
498 2920 618 2964 κέρδει
642 2921 683 2955 δὲ
707 2918 806 2955 inter
831 2929 871 2954 se
895 2917 1037 2964 opponi
1060 2918 1179 2964 ratus)
1205 2916 1440 2953 Friederiehs
1464 2915 1562 2952 Pind
1586 2915 1708 2954 Studd
1732 2918 1838 2963 1863,
