2014 3360
781 187 1152 227 PROLEGOMENA
1176 188 1212 224 11
1733 187 1790 232 39

206 305 323 347 choos
348 299 630 355 Πουλυδάμα,
655 299 872 354 Λαοδάμα,
903 303 1134 356 genetivum
1158 298 1428 354 Πουλυδάμα
1457 303 1563 344 inscr
1586 316 1725 356 megar
1747 303 1791 343 11

206 384 232 411 a
256 369 336 412 chr
359 382 450 412 saec
476 370 606 420 3021,
632 370 686 410 26
717 368 815 420 0011,
846 369 1095 410 accusativos
1126 364 1424 420 Ἀνδροδάμαν
1453 368 1628 410 Paus·II
1655 370 1723 420 12,
1749 370 1790 420 6,

205 433 420 487 Σωδάμαν
451 435 511 476 VI
534 437 582 487 4,
608 437 648 487 9,
688 431 786 487 (τὸν
815 429 944 490 κύνα)
982 431 1282 486 λεοντοδάμαν
1312 435 1397 476 Luc
1426 448 1501 487 pro
1533 436 1671 489 imagg
1704 434 1789 477 19?

206 501 395 555 Sequitur
419 503 466 542 ut
489 501 672 543 dativum
696 499 746 543 ἐν
764 497 1016 552 γυιοδάμαις
1039 501 1062 540 Ι
1085 500 1124 540 V
1143 503 1306 542 59.non
1331 514 1422 542 cum
1439 501 1642 542 Boeckhio
1666 502 1788 542 inter-

202 570 406 621 pretemur
430 566 479 610 ἐν
503 564 719 619 ἀθληταῖς,
745 566 815 608 sed
840 567 890 607 ab
915 566 982 607 adi
1003 564 1237 617 γυιόδαμος
1260 569 1489 619 repetamus
1514 567 1628 609 subst
1652 568 1788 620 aliquo

203 635 427 676 abstractae
455 634 632 675 notionis
663 628 709 689 (ξ
737 628 814 689 99)
844 632 1069 684 subaudito,
1099 633 1183 674 nisi
1202 633 1306 674 forte
1334 631 1383 675 ἐν
1408 633 1663 684 γυιοδαμαῖς
1693 634 1787 674 scri-

200 700 294 741 bere
322 700 452 742 mavis
483 701 536 742 cll
567 698 613 742 ἐς
642 697 724 741 τὰν
754 696 990 750 οἰκοδομάν
1020 699 1116 740 tabb
1146 699 1294 740 Heracl
1324 699 1346 739 I
1379 701 1479 750 146,
1509 696 1571 741 εἰς
1601 697 1683 741 τὰν
1713 696 1786 740 ἀν-

201 763 434 816 οικοδομὰν
465 765 545 807 τοῦ
574 762 726 816 τοίχου
763 766 870 807 inscr
898 764 999 806 rhod
1032 764 1159 806 Oauer
1189 760 1274 806 del¹
1306 766 1403 806 186.
1466 765 1526 806 De
1558 764 1626 806 adi
1657 765 1787 806 forma

199 831 392 872 feminina
431 827 645 883 γυιοδάμα
683 845 764 873 non
803 832 881 872 erit
918 830 1024 883 quod
1060 830 1218 873 dubites
1254 832 1307 872 cll
1343 828 1549 882 θειοδάμη
1587 826 1786 886 (Ἑκάτη)

201 910 252 949 ap
285 896 468 948 Suidam,
505 893 692 952 Ἰοδάμη,
727 895 962 948 Ἱπποδάμη
999 911 1135 938 nomm
1169 911 1294 950 propr
1329 892 1460 953 (Konr
1492 897 1642 938 zacher
1671 897 1786 939 Bresl

197 963 342 1015 philoll
371 963 464 1004 Abh
493 963 516 1003 I
547 958 636 1019 86).
698 963 870 1004 Videtur
903 966 1038 1004 autem
1068 961 1118 1005 ἐν
1148 961 1399 1015 γυιοδάμαις
1434 962 1542 1004 idem
1577 963 1661 1004 fere
1699 975 1784 1005 esse

199 1029 305 1081 quod
336 1026 386 1070 ἐν
415 1029 509 1070 τοῖς
539 1028 783 1081 ,γυιοβαρέςι
813 1028 884 1071 καὶ
913 1027 1181 1081 καματώδεςι
1210 1030 1290 1072 τοῦ
1324 1027 1590 1081 παγκρατίου
1628 1027 1783 1071 παλαί-

198 1106 356 1146 ςμαςιν.
426 1094 504 1136 Sed
546 1097 594 1135 ut
637 1094 688 1135 ad
730 1091 1053 1146 ἀνδροδάμαντ’
1097 1092 1334 1148 Ἐριφύλαν
1378 1097 1419 1137 et
1460 1091 1785 1146 χαλκοδάμαντ’

197 1157 360 1202 ἀκόναν
394 1160 622 1211 redeamus,
662 1161 805 1212 quibus
843 1161 943 1203 adde
974 1162 1246 1217 fragmentum
1276 1176 1301 1203 a
1331 1162 1532 1203 Boeckhio
1563 1162 1784 1203 certissima

197 1226 472 1268 emendatione
502 1226 735 1267 restitutum
765 1221 935 1282 (flustra
961 1228 1201 1280 obloquente
1221 1228 1455 1270 <Hermanno
1481 1241 1559 1280 opp
1584 1227 1649 1267 ΠΙ
1676 1223 1782 1284 217)

196 1289 530 1343 ἀνδροδάμαντα
560 1321 571 1332 .
597 1322 642 1333 ..
681 1289 812 1343 ῥιπὰν
853 1292 1083 1344 μελιαδέος
1126 1291 1251 1336 οἴνου
1298 1296 1402 1335 166:
1444 1294 1542 1335 haec
1585 1294 1655 1346 qui
1698 1294 1782 1336 sine

196 1359 354 1400 aurium
396 1371 630 1412 graecarum
673 1358 888 1399 offensione
932 1359 1012 1400 dici
1047 1361 1227 1412 potuisse
1265 1363 1416 1415 negant
1449 1362 1612 1414 rogatos
1648 1361 1783 1411 velim,

194 1439 292 1466 num
316 1419 679 1480 ἀνδροδάμα(ι)ςα
704 1426 775 1464 aut
796 1420 1047 1481 ἀκάμα(ι)ςα
1070 1427 1202 1481 magis
1221 1440 1408 1480 graecum
1427 1440 1567 1468 sonare
1586 1426 1780 1467 videatur.

315 1531 396 1563 -εν
421 1534 432 1561 :
459 1531 570 1561 -ειν.
631 1519 856 1561 Infinitivos
887 1521 931 1560 in
956 1532 1026 1563 -εν
1056 1521 1281 1565 desinentes
1311 1524 1406 1564 libri
1437 1523 1622 1564 exhibent
1646 1522 1681 1563 Ο
1705 1523 1727 1563 Ι
1752 1524 1777 1563 3
1805 1527 1852 1560 86

194 1581 376 1643 (γαρύεν
407 1599 542 1627 omnes
574 1599 595 1626 c
625 1581 789 1642 scholi),
831 1586 896 1625 m
929 1588 982 1627 25
1023 1582 1233 1642 (πορεύεν
1263 1588 1305 1629 Α
1334 1590 1461 1641 solus,
1502 1590 1571 1642 qui
1600 1589 1708 1629 idem
1737 1590 1780 1629 in

194 1653 332 1694 eodem
362 1665 479 1694 versu
510 1652 618 1693 solus
648 1654 755 1692 recte
786 1648 945 1707 ὥρμα),
985 1652 1018 1692 Ρ
1049 1653 1110 1692 IV
1142 1655 1197 1695 56
1238 1652 1421 1707 (ἄγαγεν
1463 1653 1550 1707 [sed
1587 1655 1686 1696 infin
1721 1658 1779 1696 te-

192 1722 329 1762 stam
346 1717 541 1772 paraphr]
564 1719 602 1759 V
622 1731 644 1759 c
667 1713 799 1774 Vatt),
832 1719 916 1760 115
950 1713 1139 1773 (τράφεν
1170 1733 1307 1761 omnes
1339 1734 1361 1761 c
1385 1717 1544 1777 scholl)‚
1575 1734 1675 1773 quos
1699 1735 1779 1762 uno

191 1787 280 1830 loco
303 1786 338 1837 O
362 1786 428 1826 HI
446 1787 502 1827 25
529 1779 619 1841 (ubi
643 1782 832 1836 πορεύεν
857 1798 879 1825 e
904 1786 1132 1826 coniectura
1155 1786 1339 1838 Heynius
1364 1783 1590 1844 invexerat)
1615 1790 1780 1840 excepto

190 1852 362 1894 retinere
400 1852 529 1893 tutius
569 1851 684 1891 duxit
720 1850 881 1891 Boeckh
920 1851 963 1891 in
999 1851 1182 1892 lectionis
1220 1853 1485 1904 explicatione
1521 1867 1666 1905 parum
1698 1855 1779 1895 'sibi

192 1920 376 1960 constans
408 1912 472 1973 (cf
497 1917 546 1958 de
576 1919 680 1958 metr
712 1917 781 1968 65,
810 1919 900 1958 nott
930 1929 973 1957 cr
1003 1916 1036 1957 Ο
1067 1917 1131 1956 ΠΙ
1163 1919 1233 1968 25,
1261 1918 1306 1957 kl
1339 1918 1438 1959 Schr
1469 1918 1507 1957 V
1533 1914 1659 1975 305);
1697 1931 1779 1962 -ειν

190 1985 337 2036 ubique
369 1983 495 2025 edidit
526 1983 660 2025 Christ
689 1978 752 2039 (cf
774 1982 930 2036 Sitzgsb
953 1983 1055 2035 bayr
1078 1983 1144 2023 Ak
1172 1984 1301 2034 1891,
1327 1979 1416 2039 59).
1466 1983 1526 2024 De
1555 1985 1662 2025 inscr
1686 1986 1779 2026 dorr

189 2050 346 2092 Ahrens
377 2049 404 2090 d
428 2049 459 2090 d'
482 2051 581 2101 176,
616 2050 789 2101 Boisacq
818 2048 917 2090 diall
950 2048 1044 2089 don·
1079 2047 1179 2100 201,
1210 2048 1259 2089 de
1290 2048 1467 2090 Hesiodo
1498 2049 1630 2090 stch
1663 2053 1783 2102 praef

189 2131 217 2170 p
235 2116 348 2157 Vm.
403 2116 687 2168 Bacchylidem
698 2118 752 2170 gt
777 2127 862 2158 -ειν
886 2110 1018 2171 (velut
1040 2114 1101 2155 IV
1128 2116 1195 2156 16.
1227 2110 1303 2171 18)
1335 2117 1376 2155 et
1407 2117 1589 2168 correpta
1620 2116 1777 2168 syllaba

190 2194 261 2225 -εν
288 2177 427 2239 (XVII
452 2183 521 2223 41.
549 2183 623 2234 88,
649 2182 745 2224 m
771 2177 848 2238 25)
880 2182 1067 2223 cecinisse
1097 2194 1225 2233 nuper
1254 2180 1477 2223 didicimus.
1532 2181 1649 2223 Unde
1680 2182 1774 2223 Pin·

189 2249 287 2290 daro
310 2249 352 2290 N
374 2249 434 2290 XI
456 2249 510 2289 18
538 2247 706 2298 μελίζεν
725 2245 893 2289 ἀοιδαῖς
915 2248 1079 2289 reddere
1102 2248 1221 2289 facile
1246 2248 1424 2288 animum
1448 2247 1614 2289 inducas
1639 2246 1774 2301 (μελι-

188 2312 317 2366 ζέμεν
347 2310 486 2371 codd),
523 2314 593 2356 sed
622 2328 673 2356 ne
703 2315 824 2356 nimis
855 2316 964 2355 cauti
994 2316 1118 2355 simus
1147 2315 1191 2354 in
1222 2315 1492 2354 contracfione
1526 2314 1775 2355 admittenda

187 2376 440 2450 Qbss'fss,
483 2383 621 2422 monet
656 2381 834 2423 eiusdem
862 2381 1117 2433 Bacchylidis
1144 2375 1350 2449 ’Am'ffls'
1381 2379 1441 2418 VI
1472 2381 1498 2419 3
1537 2380 1574 2420 cl
1604 2379 1708 2420 Pind
1739 2380 1773 2421 Ο

187 2459 247 2501 IX
280 2461 347 2501 18.

309 2561 448 2592 -οντι
474 2562 484 2592 :
510 2561 651 2592 οιςιν.
712 2550 824 2592 Inter
843 2551 1002 2592 ,formas
1026 2550 1182 2592 doricas
1209 2543 1374 2604 -οντ(ι),
1406 2547 1576 2589 aeolioas
1603 2542 1769 2602 -οιςι(ν)
1797 2557 1843 2590 87

188 2617 352 2669 optione
376 2615 473 2659 data
501 2616 722 2657 Pindarum
752 2618 788 2658 si
816 2627 841 2658 ν
865 2618 1107 2670 paragogico
1133 2629 1233 2669 opus
1258 2617 1373 2667 esset,
1405 2625 1531 2667 -οιςιν
1556 2615 1772 2666 scripsisse,

188 2683 252 2724 sin
277 2683 424 2734 aliter,
469 2694 583 2724 -οντι
620 2684 879 2735 praeoptasse
914 2683 1076 2724 Boeckh
1113 2682 1342 2724 observavit
1383 2675 1430 2736 (n
1462 2694 1512 2727 cr,
1535 2675 1662 2736 358),
1704 2693 1772 2721 sex

186 2748 285 2790 locis
316 2743 369 2804 (P
399 2748 461 2788 VI
493 2749 561 2800 13,
597 2749 656 2789 IX
688 2749 758 2800 63,
793 2749 831 2789 X
861 2750 933 2800 43,
968 2749 1049 2790 XII
1079 2750 1150 2799 26,
1185 2749 1225 2788 N
1255 2748 1314 2788 IX
1345 2749 1421 2798 41,
1456 2747 1479 2787 Ι
1507 2746 1567 2786 VI
1593 2741 1670 2802 66)
1707 2759 1771 2787 ex-

188 2814 326 2866 ceptis,
357 2827 456 2866 quos
488 2813 539 2854 ad
570 2814 811 2866 euphonicas
843 2814 1036 2866 quasdam
1064 2815 1241 2855 rationes
1267 2813 1495 2854 referendos
1519 2825 1604 2854 esse
1629 2813 1772 2853 statuit

186 2879 251 2919 vir
280 2881 477 2933 egregius,
509 2892 753 2932 quamquam
781 2877 946 2922 πάντας
971 2875 1242 2930 ἀνθρώπους,
1273 2877 1408 2930 φαντὶ
1433 2873 1473 2919 δ’
1501 2875 1785 2929 ἀνθρώπους,

187 2940 359 2994 μάντιες
396 2941 570 2996 ἄνδρες,
610 2941 802 2996 ἄμμορος
838 2941 966 2997 ἀμφί,
1001 2940 1132 2986 ἔνδον
1163 2941 1253 2986 ἐντί
1289 2943 1439 2985 similia
1469 2943 1620 2984 evitare
1648 2945 1770 2995 poeta
