2014 3360
774 216 1145 256 PROLEGOMENA
1168 216 1203 252 11
1719 214 1779 258 45

201 334 352 386 species
371 333 572 374 exoriatur
588 332 798 384 intelleges
822 330 856 372 Ο
869 330 950 370 VII
971 331 1040 381 16,
1057 330 1091 370 Ρ
1109 330 1168 370 IX
1187 331 1228 380 4,
1251 329 1273 369 1
1296 329 1360 369 [Π
1376 330 1414 380 7,
1437 326 1613 368 111÷1V
1633 328 1777 368 61--2

197 401 308 453 *inter
337 412 380 440 se
410 399 578 440 collatis.
639 398 750 439 Duos
782 398 1029 438 accusativos
1059 396 1206 436 locales
1236 395 1358 436 habes
1389 391 1549 443 δόμου(
1574 425 1584 433 .
1605 424 1643 433 ..
1674 391 1780 443 ἦλθε

201 463 283 506 τὰν
307 462 567 516 πυροφόρον
585 461 744 516 Λιβύαν
768 463 791 503 I
816 462 994 502 111÷1v
1019 463 1087 502 70.
1127 462 1333 502 Immerito
1358 459 1565 501 offendunt
1587 460 1631 508 in
1654 461 1780 500 struc-

202 533 295 572 tura
325 531 621 584 elegantissime
650 530 807 571 variata
837 525 1039 579 ἑκράτηςε
1071 526 1119 568 δὲ
1151 523 1221 568 καί
1245 522 1353 568 ποθ’
1375 519 1572 567 Ἕλλανα
1599 522 1782 575 ςτρατὸν

202 594 398 647 Πυθῶνι,
437 595 546 650 τύχᾳ
581 607 628 637 τε
666 592 815 647 μολών
856 591 933 636 Καὶ
971 591 1049 635 τὸν
1089 588 1243 643 Ἰςθμοῖ
1282 590 1352 633 καὶ
1383 590 1525 645 Νεμέᾳ
1565 589 1783 641 ςτέφανον

202 662 242 703 Ν
266 663 304 703 X
329 662 398 703 25.
458 662 660 704 Notabilis
689 661 849 702 videtur
876 661 987 702 locus
1021 673 1045 699 a
1075 659 1274 700 Meinekio
1308 659 1537 699 felicissime
1572 657 1783 698 restitutus

203 726 276 769 διὰ
298 728 430 778 γαῖαν
455 759 466 768 .
480 759 512 768 ..
539 722 790 778 δαςςάμενοι
816 757 826 767 .
841 757 874 768 ..
902 723 1051 777 μοίρας
1077 724 1111 766 0
1135 725 1218 764 VII
1243 725 1311 765 75.
1369 724 1580 776 Singulare
1604 725 1666 764 est
1689 735 1784 762 casu

202 795 345 847 magis,
370 795 536 847 opinor,
549 807 670 846 quam
692 795 857 846 propter
881 792 1072 833 sermonis
1097 791 1231 844 graeci
1254 792 1442 831 naturam
1466 787 1570 831 οὐδέ
1589 786 1657 830 νίν
1676 799 1783 829 ποτε

203 858 345 911 φόβος
372 857 562 902 »ἔπαυςεν
592 857 731 910 ἀκμὰν
761 858 940 910 φρενῶν
970 858 1011 897 Ν
1033 857 1098 897 ΠΙ
1123 858 1191 898 39.
1252 857 1395 908 Neque
1422 855 1610 896 audacius
1636 852 1785 896 εὐδίαν

202 923 254 967 ὃς
285 926 391 976 μετὰ·
422 925 638 977 χειμέριον
663 922 827 976 ὄμβρον
850 922 955 965 τεὰν
979 920 1242 965 καταιθύςςει
1268 920 1479 973 μάκαιραν
1505 918 1647 962 ἑςτίαν
1671 921 1785 972 iungi

202 991 445 1033 videbuntur
474 992 508 1032 P
532 992 572 1031 V
599 994 654 1034 10
686 991 739 1032 cll
765 987 998 1042 παραίθυξε
1023 985 1210 1040 θόρυβον
1241 987 1275 1029 0
1300 989 1338 1029 Χ
1365 989 1421 1042 73
1453 990 1495 1028 et
1518 987 1662 1028 νῶτον
1686 998 1784 1027 κατ-

204 1056 404 1100 αίθυςςον
442 1055 599 1113 (κομᾶν
636 1052 871 1112 πλόκαμοι)
912 1056 946 1096 P
976 1055 1036 1096 IV
1068 1056 1136 1095 83.
1199 1055 1302 1094 Tum
1338 1050 1447 1095 ἔνθα
1481 1064 1548 1094 νιν
1681 1050 1786 1093 Θεὸν

202 1121 405 1165 δέκονται
435 1124 475 1165 Ν
499 1123 538 1163 V
564 1125 619 1164 38
653 1123 837 1175 equidem
861 1120 964 1164 θεὸν
989 1120 1186 1162 δέκονται
1212 1117 1390 1173 (hymnis
1415 1120 1568 1160 scilieet
1591 1119 1786 1160 vocativis

205 1190 289 1230 sive
318 1189 572 1241 reductoriis3
604 1191 646 1230 ef
665 1190 850 1230 Welcker
874 1202 924 1240 ap
950 1188 1094 1228 Dissen
1119 1187 1225 1238 expll
1251 1180 1358 1240 399)
1391 1187 1517 1226 artius
1548 1183 1786 1238 coniungere

205 1268 327 1306 quam
358 1256 410 1295 cll
441 1257 631 1307 exemplis
663 1256 803 1308 epicis,
836 1257 884 1295 ut
912 1254 1116 1294 Hermann
1148 1254 1189 1293 et
1218 1252 1374 1302 Dissen‚
1406 1253 1477 1291 aut
1505 1250 1728 1292 Pindaricis
1760 1247 1786 1292 ὁ

205 1320 254 1361 δὲ
316 1352 356 1362 ..
387 1319 498 1363 Ζεὺς
542 1319 772 1363 ἀθανάτων
819 1318 1029 1373 βαςιλεύς,
1072 1316 1098 1360 ὁ
1136 1318 1183 1359 δὲ
1216 1349 1225 1358 .
1245 1348 1283 1359 ..
1322 1315 1432 1359 Διὸς
1476 1313 1652 1367 ἄλκιμος
1694 1314 1787 1356 υἱός

184 1393 187 1395 ’
206 1388 498 1439 appositionem
528 1390 703 1429 statuere
727 1388 877 1428 malim.
932 1386 981 1426 In
1005 1387 1210 1426 nominum
1234 1397 1376 1437 genere
1400 1397 1544 1435 parum
1568 1384 1787 1434 exaequato

205 1466 255 1493 ne
281 1453 457 1494 offendas
482 1452 583 1494 τόδε
610 1486 618 1494 .
639 1486 648 1494 .
670 1485 679 1495 .
706 1451 812 1494 ὁδόν
837 1454 876 1493 Ν
901 1453 982 1492 VH
1008 1453 1065 1493 50
1090 1446 1146 1506 (cl
1170 1450 1327 1490 Pauwii
1350 1449 1625 1490 emendatione
1650 1449 1786 1489 ταῦτα

207 1550 216 1559 .
237 1551 245 1558 .
266 1549 275 1558 .
308 1516 415 1560 ὁδόν
445 1520 484 1560 N
509 1520 569 1559 Ἦ
596 1515 691 1576 53),
733 1519 938 1560 recordere
975 1515 1030 1559 ἃν
1063 1512 1210 1572 (ἄταν)
1243 1548 1252 1556 .
1273 1548 1282 1556 .
1305 1547 1314 1556 .
1345 1514 1467 1557 λίθον
1497 1515 1531 1556 O
1561 1515 1583 1554 I
1616 1516 1691 1565 58,
1731 1511 1786 1555 ἅν

206 1595 253 1624 τε
285 1579 519 1642 (νεφέλαν)
552 1583 687 1627 δόλον
717 1586 750 1626 Ρ
781 1586 823 1625 Π
856 1588 935 1637 39;“
971 1598 1089 1636 quem
1117 1585 1216 1624 item
1247 1582 1297 1622 ad
1327 1582 1484 1635 generis
1513 1580 1787 1621 diversitatem

207 1650 388 1690 referunt
417 1651 549 1691 locum
580 1652 619 1692 N
643 1652 682 1690 V
707 1654 764 1692 43
798 1650 1053 1703 μεταΐξαντα
1085 1645 1178 1705 (scil
1209 1645 1272 1703 ςέ)
1305 1679 1316 1690 .
1336 1680 1344 1689 .
1365 1679 1374 1688 .
1407 1644 1577 1698 μάτρως
1608 1643 1787 1694 ἀγάλλει

209 1746 218 1755 .
238 1745 248 1755 .
269 1746 278 1755 .
312 1712 438 1756 ἔθνος
469 1718 528 1757 ita
557 1719 693 1768 potius
725 1717 991 1768 enodaverim,
1021 1719 1069 1756 ut
1098 1714 1353 1767 μεταΐξαντα
1376 1711 1554 1755 Πυθέαν
1582 1709 1787 1761 ἀγάλλων

207 1777 335 1821 ἔθνος
366 1779 568 1823 Αἰακιδᾶν
599 1780 781 1831 ἀγάλλει
815 1782 1091 1836 exponendum
1121 1794 1205 1823 esse
1235 1780 1375 1820 dicam.
1438 1779 1498 1819 De
1528 1778 1562 1818 P.
1591 1778 1614 1818 Ι
1645 1779 1714 1830 67,
1751 1778 1788 1816 V

209 1846 1454 1901 98,NX111‚11112‚V46‚V1122dixiinn0tis
1487 1845 1645 1885 criticis.

327 1912 695 1955 Adiectivorum
726 1915 978 1966 quorundam
1003 1917 1085 1956 fem
1110 1928 1186 1968 gen
1211 1914 1471 1963 accusativos,
1500 1911 1612 1952 velut
1636 1911 1789 1960 γλυκυ-

207 1976 339 2027 τέραν
373 1973 547 2031 (κλέῖξιν
577 1980 612 2019 si
635 1980 730 2020 ficto
753 1982 949 2034 vocabulo
973 1983 1036 2021 uti
1059 1975 1174 2037 licet)
1206 1978 1384 2021 κλεΐξειν
1415 1978 1450 2019 O
1474 1978 1495 2017 I
1523 1979 1620 2029 109,
1651 1973 1789 2018 ἄλλαν

208 2039 284 2084 ἐπ’
315 2039 428 2096 ἄλλᾳ
459 2038 700 2100 (εὐτυχίαν)
732 2043 952 2096 εὐτυχέων
983 2047 1065 2088 VII
1096 2048 1165 2098 82,
1195 2046 1310 2097 τρεῖς
1341 2040 1666 2099 (ςτεφανώςεις)
1699 2054 1789 2084 ςτε-

209 2105 524 2159 φανωςάμενος
549 2109 589 2149 N
606 2109 667 2149 VI
692 2112 764 2161 20,
792 2115 899 2153 recte
923 2114 1250 2165 interpretabere,
1277 2112 1312 2152 si
1335 2123 1415 2152 non
1440 2110 1569 2151 solum
1577 2106 1790 2160 ἐςχατιὰν

209 2172 399 2225 ςτείχειν,
442 2187 580 2214 verum
611 2175 734 2217 otiati
762 2175 948 2227 θερείαις
980 2173 1270 2233 (*πλεύςεςιν)
1301 2177 1323 2217 I
1352 2177 1395 2217 H
1425 2178 1502 2228 41,
1541 2171 1791 2225 γυιοδάμαις

211 2235 495 2295 (παγκρατίου
527 2242 740 2290 μηχαναῖς
778 2241 805 2293 ξ
831 2238 910 2299 85)
946 2243 986 2282 V
1018 2246 1093 2296 59,
1136 2242 1335 2297 δαιμονίᾳ
1365 2238 1512 2299 (τύχῃ)
1550 2241 1583 2283 0
1614 2242 1672 2282 IX
1705 2242 1791 2282 110

209 2298 424 2347 contuleris
447 2305 628 2357 Hauptio
654 2299 753 2361 (opp
779 2307 822 2346 H
848 2306 967 2362 300),
996 2310 1308 2350 Wilamowitzio
1336 2303 1408 2365 (ad
1433 2307 1517 2349 Em-
1541 2308 1646 2348 Herc
1672 2301 1791 2362 681),

209 2373 386 2414 Usenero
417 2366 722 2427 (Giitternamen
755 2368 863 2428 374)
895 2376 1135 2417 auctoribus.

1815 1921 1860 1953 99

329 2438 502 2492 Pindaro
526 2438 730 2478 Musarum
761 2438 959 2482 sacerdoti
981 2440 1196 2492 Apollineo
1222 2442 1270 2481 ab
1295 2441 1439 2482 Ionum
1463 2441 1628 2481 levitate
1654 2453 1774 2492 quam
1794 2454 1862 2487 100

210 2506 381 2546 maxime
409 2504 648 2554 abhorrenti,
679 2502 867 2544 παλαιὸν
893 2503 972 2555 μὲν
996 2501 1132 2556 οἶνον,
1164 2503 1298 2547 ἄνθεα
1323 2503 1368 2547 δ’
1392 2505 1539 2557 ὕμνων
1566 2504 1791 2556 νεωτέρων

210 2570 394 2612 laudanti
423 2570 656 2612 formulas
687 2570 849 2621 apicas
886 2582 1030 2621 parum
1059 2574 1196 2623 ‘gratas
1226 2573 1350 2613 fuisse
1382 2575 1689 2614 consentaneum
1720 2573 1789 2612 est.

211 2637 317 2685 Quid
335 2636 441 2689 quod
465 2638 582 2689 lyrici
603 2635 673 2677 ille
696 2637 839 2688 poetae
863 2636 927 2676 ius
952 2648 1000 2675 ac
1021 2636 1249 2678 libertatem
1274 2640 1359 2679 tam
1384 2640 1528 2679 acriter
1546 2640 1700 2679 tutatus
1720 2639 1792 2687 est,

161 2735 164 2738 .
212 2707 258 2744 ut
275 2705 383 2746 tritis
401 2704 483 2744 illis
495 2703 761 2746 locutionibus
774 2702 975 2743 rarissime
990 2701 1179 2742 adhibitis
1199 2698 1331 2757 (velut
1349 2704 1594 2755 δυςμενέων
1608 2701 1790 2753 ἀνδρῶν,

172 2823 176 2826 ⁴
211 2769 338 2812 κλέος
363 2768 501 2820 ἐςλόν,
526 2766 613 2810 ὑπὸ
638 2767 800 2811 κεύθεςι
826 2765 961 2818 γαίας,
987 2765 1059 2808 ἐπὶ
1084 2764 1264 2817 ῥηγμῖνι,
1297 2769 1467 2819 λιπαρῶ
1492 2769 1629 2821 γήραϊ,
1661 2766 1789 2809 πολέ-

211 2847 307 2886 μοιο
328 2831 484 2892 νέφος)
510 2837 720 2876 memorias
739 2834 969 2875 Homericas
993 2846 1067 2884 pro
1086 2832 1195 2872 virili
1219 2836 1333 2884 parte
1359 2835 1590 2875 oblitterare
1616 2834 1791 2875 studeret

211 2909 404 2951 voeabula
442 2911 513 2948 aut
548 2907 732 2950 novando
770 2910 840 2947 aut
875 2919 1023 2947 novum
1062 2906 1104 2944 in
1144 2904 1305 2944 modum
1351 2907 1458 2945 inter
1497 2920 1538 2946 se
1580 2906 1790 2958 iungendo,

210 2972 495 3024 ε’ςςομένοιςιν
519 2970 644 3026 ἀοιδή
666 2986 674 3014 :
700 2974 870 3015 λοιποῖς
895 2970 1081 3024 ἀθύρειν,
1112 2967 1204 3025 (οὐ)
1230 2969 1338 3010 κατὰ
1369 2972 1524 3021 μοῖραν
1545 2984 1554 3011 :
1585 2971 1692 3012 κατὰ
1717 2969 1789 3024 (μὴ
