2014 3360
732 202 1104 241 PROLEGOMENA
1126 203 1180 240 IV
1689 206 1749 251 59

379 318 577 358 cimabula
610 317 895 370 significentur.
956 317 1005 358 Id
1035 319 1194 359 constat
1223 320 1266 359 et
1293 318 1571 360 Aristarchum
1604 321 1646 361 et
1675 319 1747 360 Di·

378 383 543 436 dymum
592 396 751 424 carmen
799 385 1087 425 commentatos
1135 397 1220 426 esse
1267 386 1315 425 ut
1355 397 1448 426 vere
1489 384 1748 426 Pindaricum

378 443 524 504 (scholl
552 452 589 490 1.
610 451 679 491 20.
700 444 790 505 54).
847 448 1015 491 Carmen
1045 452 1180 491 tamen
1208 450 1342 503 ipsum
1371 463 1453 491 non
1482 450 1525 491 id
1555 453 1617 493 est
1641 451 1749 503 quod

379 516 428 556 ab
459 516 570 556 omui
605 516 830 568 suspicione
866 516 986 558 facile
1017 529 1058 558 se
1090 516 1287 558 exsolvam
1324 516 1569 558 abiudicavit
1599 530 1624 557 a
1652 516 1747 558 Pin-

378 581 476 623 dato
506 581 591 623 Ern
614 581 664 622 de
688 580 863 624 Leutsch
880 582 1027 627 ¹Philol
1044 583 1067 623 I
1087 583 1215 634 1846,
1236 584 1335 635 116,
1364 583 1574 624 tutabatur
1597 581 1749 625 Godofr

378 648 633 690 normannus
667 649 783 689 1847
816 661 897 702 opp
928 648 1031 689 Vm
1063 651 1130 691 99.
1193 645 1383 690 ‘Metram
1417 649 1537 702 plene
1575 651 1637 691 est
1667 650 1747 691 exi-

377 715 506 755 mium
524 727 768 766 quamquam
793 728 817 755 a
842 715 984 756 ceteris
1002 715 1168 756 Pindari
1192 716 1433 756 carminibus
1457 716 1606 756 mirum
1624 729 1747 768 quan-

379 783 468 821 tum
497 776 668 822 distans’
699 781 862 822 Boeckh
893 795 921 821 n
952 794 995 822 cr
1027 783 1125 822 372.

234 846 268 888 O
292 846 353 887 VI
381 842 553 900 Ἀγηείᾳ
597 845 872 901 Συρακουείῳ
916 842 1186 902 (Συρακοείῳ
1229 847 1304 889 edd
1345 850 1439 900 post
1483 843 1749 904 Boeckhium)

378 908 536 966 ἀπήνῃ.
556 934 613 942 -
636 909 696 954 ὼε
721 911 771 954 δὲ
795 910 904 955 ἔνιοι
930 911 1193 968 Στυμφηλίῳ
1217 914 1313 964 BD,
1338 911 1602 968 Σταμφυλίῳ
1627 913 1677 966 03
1708 911 1750 956 οἱ

378 976 457 1030 μὲν
483 975 787 1030 Συρακούειον,
818 976 862 1020 οἱ
892 978 941 1020 δὲ
966 973 1215 1032 Πάμφυλον
1243 978 1296 1021 A.
1352 977 1378 1020 ὁ
1409 978 1458 1021 δὲ
1490 976 1649 1031 χρόνος
1674 981 1750 1031 τῆς

379 1041 496 1099 ᾠδῆς
520 1041 547 1085 ὁ
572 1039 863 1101 (Dmchmann,
888 1043 930 1087 οἱ
956 1041 1048 1102 cod)
1074 1043 1159 1098 πρὸ
1183 1045 1260 1097 τῆς
1284 1044 1556 1087 καταλύεεωε
1575 1046 1656 1088 τοῦ
1674 1047 1751 1098 τῆε

379 1106 547 1162 ἀπήνη(
583 1107 898 1164 ἀγωνίεμᾳτοε·
934 1110 1147 1164 κατελύθη
1186 1110 1235 1154 δὲ
1272 1110 1372 1164 περὶ
1401 1111 1481 1164 τὴν
1513 1107 1587 1154 πε’
1619 1110 1750 1163 ὀλυμ-

379 1173 528 1220 πιάδα.
589 1173 760 1229 ἄπορον
795 1176 846 1220 δὲ
881 1176 962 1230 τὴν
998 1175 1162 1230 πόετην
1198 1175 1262 1220 ὀλ.
1301 1175 1494 1229 ἐνίκηεεν
1523 1177 1575 1220 Α.
1637 1178 1753 1226 Quod

379 1240 595 1294 νικήεαντι
625 1243 705 1295 τὴν
736 1239 810 1286 πε’
835 1240 900 1286 ὀλ.
925 1245 1180 1297 inscriptioni
1211 1244 1324 1286 addit
1345 1245 1397 1296 F,
1428 1245 1567 1286 eadem
1595 1246 1752 1286 ratione

379 1309 670 1362 explicandum,
700 1324 780 1363 qua
806 1310 913 1363 quod
935 1310 1162 1353 Pssumidis
1186 1311 1398 1352 victorium
1422 1306 1476 1367 (Ο
1494 1306 1553 1367 V)
1585 1312 1622 1353 ei
1647 1324 1752 1352 anno

380 1375 612 1425 adscribunt
644 1375 680 1418 Ο
691 1377 734 1418 V.
779 1376 983 1425 „Eundem
1019 1377 1194 1418 abolitae
1227 1377 1373 1419 rhedae
1403 1378 1571 1418 mularis
1603 1391 1752 1417 annum

381 1437 495 1498 (rte')
527 1439 649 1484 codex
675 1440 966 1486 Ambrosianus
994 1446 1177 1497 praestet
1207 1443 1259 1483 ad
1286 1442 1320 1484 O
1346 1443 1385 1482 V
1411 1446 1436 1484 6
1469 1437 1581 1498 (cum
1610 1444 1751 1495 pleris-

382 1503 479 1565 que)
511 1511 552 1550 et
585 1510 639 1550 19
671 1503 839 1565 (solus),
877 1521 968 1550 cum
998 1509 1050 1549 ed
1078 1510 1187 1550 inscr
1215 1508 1250 1550 Ο
1275 1508 1314 1547 V
1343 1508 1558 1550 Polemone
1589 1511 1750 1549 auctore

380 1587 476 1616 usus
508 1567 826 1624 καταλυθῆνατ.
849 1570 1017 1616 ..κατὰ
1046 1574 1126 1626 τὴν
1157 1568 1229 1616 οδ’
1261 1570 1326 1615 ὀλ.
1358 1573 1427 1616 καὶ
1458 1570 1568 1627 εἶναι
1600 1568 1661 1624 ιγ’
1688 1571 1749 1616 νί-

378 1651 455 1682 mc
491 1640 645 1692 tradam
681 1639 786 1681 unde
821 1642 929 1683 recte
955 1641 1107 1693 'opinor
1135 1640 1297 1682 Boe'ckh
1327 1637 1436 1680 κατὰ
1464 1638 1544 1691 τὴν
1575 1634 1652 1681 πδ’
1683 1636 1749 1681 ὀλ.

380 1707 551 1748 coniecit
587 1706 641 1747 cll
670 1705 778 1750 Peus
803 1706 843 1746 V
868 1708 914 1758 9,
935 1708 957 1747 1
998 1701 1180 1762 (Boeckh
1223 1705 1275 1746 ad
1311 1706 1422 1747 schol
1457 1719 1484 1759 p
1519 1706 1624 1757 118,
1652 1708 1673 1746 1
1708 1707 1751 1748 et

382 1774 482 1823 119,
502 1766 560 1827 2).
609 1771 832 1813 Numerum
855 1767 930 1813 πε’
954 1772 1138 1825 equidem
1161 1785 1244 1814 non
1267 1772 1432 1814 librario
1456 1772 1562 1813 male
1586 1772 1750 1826 legenti,

381 1838 450 1881 sed
493 1837 806 1890 chronographis
848 1838 992 1880 aboliti
1035 1839 1264 1880 certaminis
1313 1852 1463 1879 annum
1511 1851 1601 1879 cum
1645 1851 1749 1879 anno

379 1917 460 1945 non
501 1904 584 1944 iam
628 1903 819 1946 celebrati
854 1904 1188 1946 confundentibus
1223 1904 1359 1946 deberi
1401 1905 1591 1958 suspicor.
1655 1903 1748 1946 Gor-

377 1972 543 2023 ruptum
568 1969 729 2023 quidem
759 1971 984 2022 antiquitus
1014 1984 1224 2012 numerum
1251 1972 1453 2012 testantur
1476 1972 1612 2012 variae
1645 1970 1748 2011 codi-

380 2050 471 2078 cum
491 2036 966 2089 optimorumdectiones:
990 2034 1051 2078 ὥ(
1073 2035 1186 2079 τινές
1212 2047 1342 2087 φαειν
1358 2033 1624 2091 ὀγδοηκοστῇ
1650 2034 1749 2089 ἕκτῃ

380 2103 422 2144 Β
448 2102 499 2144 ed
522 2103 630 2145 inscr
654 2101 688 2144 Ο
707 2101 779 2155 VI,
803 2111 862 2147 πῗ
884 2103 938 2154 Ε,
968 2097 1042 2144 πε’
1068 2106 1110 2144 et
1133 2098 1209 2154 πς’
1231 2103 1276 2154 V,
1307 2097 1382 2144 πε’
1413 2104 1455 2143 et
1484 2099 1749 2156 ὀγδοηκοετῇ

381 2166 518 2224 ὀγδόῃ
553 2168 589 2210 o
615 2158 782 2223 ῑιφῑῖἑως
825 2169 995 2222 deniquo
1026 2167 1199 2220 διελύθη
1225 2167 1323 2219 περὶ
1354 2167 1433 2219 τὴν
1457 2165 1750 2220 ὀγδοηκοετὴν
1801 2164 1821 2178 ⁰

350 2240 353 2242 ’
380 2231 578 2287 ἑννάτην.
596 2234 651 2288 Β,
681 2229 750 2276 πἐ’
778 2234 969 2287 01)an
999 2235 1110 2277 schol
1140 2235 1174 2277 Ο
1199 2235 1238 2274 V
1264 2236 1288 2276 6
1322 2229 1412 2291 (ubi
1429 2235 1749 2285 ’δυοκαιπεντη-

380 2299 614 2352 κονταετὴε
642 2314 717 2356 pro
749 2300 953 2353 δεκαετὴς
982 2297 1136 2356 Bergk⁴
1164 2315 1192 2355 p
1220 2296 1308 2358 76).
1359 2300 1437 2342 Sed
1462 2314 1619 2342 carmen
1646 2313 1749 2341 com-

380 2370 566 2428 positum>
581 2367 758 2410 Hierone
781 2371 978 2422 regnante
1001 2363 1049 2425 (v
1075 2363 1165 2425 93),
1189 2370 1242 2422 *ut
1273 2380 1363 2408 cum
1393 2381 1442 2409 ex
1466 2367 1522 2409 oll
1551 2370 1604 2408 77
1631 2369 1673 2407 et
1693 2367 1748 2407 78

381 2435 626 2479 alterautra
650 2434 835 2489 eligenda
859 2436 915 2477 sit
933 2457 991 2464 —
1009 2449 1105 2476 nam
1128 2434 1177 2477 de
1205 2435 1259 2475 ⁷6
1288 2447 1339 2475 ne
1364 2435 1421 2476 eis
1453 2432 1614 2487 quidem
1644 2433 1750 2485 cogi·

375 2504 468 2542 tare
503 2492 617 2554 iicet,
654 2502 730 2554 qui-
753 2501 974 2556 Pindurum
1004 2501 1044 2542 ol
1077 2503 1131 2542 ⁷7
1171 2500 1331 2542 demum
1368 2499 1585 2552 Syracusas
1622 2510 1748 2539 acces·

382 2568 480 2610 sisse
515 2568 667 2622 putanti
691 2589 768 2619 -,-
804 2567 989 2620 equidem
1018 2567 1140 2608 verba
1171 2567 1317 2618 quibus
1346 2568 1467 2618 poete.
1497 2565 1546 2606 de
1575 2564 1749 2605 Hierone

380 2632 612 2675 recordatur
642 2627 716 2689 (vv
747 2634 802 2674 92
823 2628 883 2690 ss)
915 2633 955 2673 ol
987 2635 1041 2674 77
1071 2634 1167 2684 post
1196 2632 1408 2673 victoriam
1431 2630 1644 2683 Olympiae
1674 2629 1748 2669 ite-

380 2713 472 2741 rum
502 2712 604 2751 equo
633 2701 806 2752 partam,
837 2712 958 2751 quam
990 2698 1045 2738 78
1075 2699 1170 2750 post
1199 2697 1377 2737 curulem
1407 2695 1748 2748 exoptatissimam

256 2773 354 2806 472?
384 2760 439 2820 (O
475 2765 497 2805 I
536 2767 633 2807 109.
662 2759 787 2821 110),
838 2765 971 2816 aptius
1014 2762 1167 2803 cantari
1214 2762 1430 2802 arbitratus
1472 2762 1516 2801 in
1558 2762 1612 2801 77
1657 2771 1747 2799 cum

382 2831 557 2884 Bergkio
588 2830 883 2872 consistendum
913 2841 997 2870 esse
1029 2840 1219 2869 censeam.

214 2895 248 2938 O
272 2896 354 2938 VH
384 2894 584 2950 Διαγόρᾳ
613 2893 768 2950 Ῥοδίῳ
805 2893 941 2948 πύκτῃ
979 2891 1076 2947 (υἱῷ
1107 2889 1375 2942 Δαμαγήτου
1412 2902 1459 2931 ex
1493 2902 1602 2930 carm
1631 2903 1658 2931 v
1691 2890 1744 2929 17

385 2961 463 3003 add
480 2957 553 3019 A).
573 2981 630 2992 —
655 2961 869 3014 νικήεαντι
896 2959 974 3012 τὴν
999 2953 1071 3002 σθ’
1095 2955 1159 3000 ὀλ.
1185 2951 1388 3013 (ΑΒῼῩ,
1417 2950 1491 2998 οζ’
1509 2955 1647 3006 DOP,
1677 2948 1745 2996 ἔθ’
