2014 3360
782 226 1032 264 INGERTAE
1058 226 1194 264 SEDIS
1701 229 1789 274 491

880 335 969 381 295
995 336 1124 397 (203)

323 429 389 467 ste
415 430 441 467 11
465 431 544 478 Byz
564 431 772 478 104‚·1³M
790 430 935 479 (Herdn
952 431 971 468 Ι
990 435 1054 478 56,
1074 436 1132 470 24.
1163 432 1200 468 ῙΙ
1218 436 1307 478 654,
1327 433 1447 481 um:
1476 433 1658 471 Ἀπέςας
1673 434 1794 483 (Ἀπέ-

203 489 280 516 ςαις
303 477 375 515 Ρίιι
403 478 519 527 arico)
552 481 641 525 ὄρος
664 483 733 524 τῆς
758 479 918 525 Νεμέας,
950 481 1003 517 ὡς
1026 480 1218 526 Πίνδαρος
1242 483 1302 518 καὶ
1328 482 1558 526 Καλλίμαχος
1582 482 1624 518 ἐν
1642 479 1676 525 γ’
1698 483 1792 529 (τῶν

203 525 339 564 Αἰτίων
358 525 537 573 BentIey3
561 526 597 563 fr
615 530 661 563 29
688 527 814 575 Schn).
863 527 914 565 ct·
933 527 1034 565 Paus
1053 528 1089 564 H
1108 532 1166 573 15,
1186 533 1225 574 33
1259 528 1307 565 de
1331 528 1540 575 veriloquio
1564 529 1630 576 (ab
1654 530 1793 575 ἀφίημι

203 585 225 611 c
249 574 330 612 veizt
352 584 499 622 gramm
525 575 580 623 [et
602 575 727 622 poetis
752 575 918 625 opinor])
943 575 1142 613 Savelsber
1200 577 1316 623 Symb
1346 577 1400 623 ph
1430 577 1539 614 Bonn
1557 576 1594 613 II
1613 580 1701 625 508,
1727 577 1792 625 (ab

204 622 335 669 ἀφέτω
361 621 431 660 scil
454 625 531 669 πὴν
555 624 729 668 Περςέως
753 625 934 672 λάρνακα)
959 623 1104 661 Usener
1155 624 1321 662 intflutss
1341 629 1422 662 236.

854 757 944 802 296
975 756 1105 817 (268)

323 848 432 887 διιίᾱε
473 850 632 896 Ἀράχνη
669 853 842 896 θηλυκῶς
876 853 930 889 ’τὸ
966 853 1136 899 ὕφαςμα,
1175 853 1378 899 ἀράχνης
1421 855 1463 890 δὲ
1505 854 1706 899 ἀρςενικῶς
1741 855 1788 890 τὸ

202 893 382 944 ζωΰφιον.
431 896 578 934 Deinde
603 898 1043 946 εἴρηταιδὲ-ἀράχνης
1073 902 1134 937 καὶ
1163 902 1254 946 παρ’
1278 902 1438 948 Ἡςιόδψ
1460 902 1551 948 (opp
1572 903 1659 947 7773
1691 900 1792 938 adde

203 947 387 992 ἀράχνου,
424 946 489 982 ἀπ’
519 945 664 983 εὐθείας
694 947 716 982 ὁ
748 947 924 993 ἀράχνης.
974 947 1150 994 Αἰςχύλος
1184 948 1269 997 [121
1296 947 1367 997 ΝἼ
1399 950 1502 996 Λαΐῳ
1533 948 1699 996 Hesych)
1731 951 1792 986 καὶ

201 995 304 1040 παρὰ
332 994 513 1040 Πινδάρῳ
537 994 717 1040 (ἀράχνας
752 993 867 1042 Pind)
903 997 963 1032 καὶ
997 997 1101 1042 παρὰ
1134 997 1350 1042 Καλλιμάχῳ
1387 997 1531 1045 (καλλίᾳ
1567 996 1670 1044 libri3
1709 1008 1792 1034 corr

202 1040 368 1091 Bergkio
391 1043 599 1090 praeeunte
624 1041 715 1079 01:120
740 1041 954 1080 Schneider>
973 1044 1024 1080 ad
1049 1043 1186 1082 Gallim
1209 1043 1245 1081 fr
1265 1045 1361 1093 304).

851 1187 876 1232 2
889 1188 976 1234 297
1004 1188 1141 1249 (270)

240 1323 242 1325 ,
321 1281 484 1319 Eustath
506 1281 540 1318 11
560 1285 647 1327 128,
667 1285 730 1318 38:
768 1284 974 1328 ήγεμονεύς
1004 1286 1066 1321 καὶ
1102 1285 1275 1330 ήνιοχεύς
1305 1287 1366 1322 καὶ
1397 1286 1420 1323 ὁ
1450 1286 1493 1322 ἑκ
1521 1289 1591 1322 τοῦ
1624 1287 1792 1324 Ἀλκαῖος

203 1331 364 1377 Ἀλιιεύς,
383 1331 472 1368 ὅθεν
489 1332 550 1367 καὶ
570 1330 758 1375 Ἀλκείδης
777 1331 970 1376 Ἡρακλῆς,
991 1334 1051 1368 καὶ
1070 1333 1092 1369 ὁ
1112 1333 1170 1381 [έκ
1187 1333 1274 1381 τοῦ]
1292 1335 1396 1379 παρὰ
1411 1334 1592 1380 Πινδάρῳ
1607 1334 1790 1379 διάβολος,

204 1379 341 1417 κοινῶς
366 1379 567 1424 διαβολεύς.
599 1377 706 1415 Idem
730 1376 791 1414 Od
810 1382 916 1424 1406,
938 1382 983 1416 14
1007 1379 1074 1427 (ad
1097 1382 1321 1426 ἀνεβάλλετο
1341 1393 1365 1417 α
1385 1384 1486 1429 155)ι
1511 1383 1558 1418 τὸ
1582 1383 1791 1427 διαβάλλειν

204 1429 246 1465 δὲ
271 1428 317 1464 οὐ
342 1427 458 1471 μόνον
483 1426 757 1472 ωκοφαντικὸν
780 1426 857 1470 ἔχει
880 1431 986 1472 νοῦν,
1012 1428 1100 1464 ὅθεν
1128 1430 1186 1465 καὶ
1211 1430 1235 1473 ἡ
1262 1430 1429 1475 διαβολή,
1455 1431 1516 1466 καὶ
1541 1431 1562 1466 ό
1581 1431 1684 1475 παρὰ
1701 1431 1791 1466 Πιν-

203 1475 308 1531 δάριρ
339 1476 510 1520 διάβολος
526 1475 750 1525 ἄνθρωπος.
797 1472 1043 1512 mathiam
1074 1477 1142 1512 aut
1173 1475 1400 1523 antiquioris
1432 1477 1673 1525 grammatici
1704 1488 1788 1514 sen-

201 1523 365 1560 tenham
383 1523 573 1568 διαβολεὺς
597 1523 680 1569 (pro
704 1521 854 1568 vulgari
878 1523 1067 1569 διάβολος,
1099 1534 1146 1560 ex
1176 1524 1282 1561 schol
1311 1524 1457 1561 Lucian
1481 1524 1621 1573 Pei-egr
1641 1528 1686 1561 16
1713 1528 1791 1562 bm-

202 1574 312 1615 βολεῠ
339 1570 507 1609 enotavit
524 1569 675 1607 Lobeck
711 1568 878 1607 Pindaro
904 1569 1156 1608 adscribentis
1179 1571 1278 1608 falso
1297 1572 1590 1620 interpretatum
1615 1584 1697 1609 esse
1723 1575 1792 1611 aut

201 1619 385 1656 memoria
408 1618 649 1656 vacillantem
700 1628 768 1655 aec
793 1618 989 1665 scripsisse
1014 1618 1050 1656 cl
1068 1617 1099 1655 P
1116 1618 1154 1656 Π
1172 1623 1217 1656 76
1243 1621 1355 1657 acute
1381 1620 1567 1659 divinavii,
1590 1621 1728 1669 Bergk.

739 1763 827 1808 298
859 1762 1117 1823 (Schneider
1145 1780 1175 1822 p
1196 1764 1244 1824 8)
1323 1758 1325 1761 ⁸

324 1857 438 1898 schol
460 1858 567 1897 Arist
584 1869 630 1896 av
649 1861 717 1895 981
738 1857 794 1905 (of
807 1857 862 1894 fn
878 1857 979 1895 Pind
999 1856 1127 1895 105·-b
1153 1869 1203 1906 ap
1229 1857 1335 1899 schol
1354 1863 1436 1898 927.
1458 1850 1559 1908 942),
1585 1862 1667 1905 ὲμιν
1690 1864 1787 1898 τεῖν-

201 1906 370 1951 χλευάζει
399 1911 480 1944 τῶν
514 1909 838 1954 διθυραμβοποιῶν
861 1907 930 1943 τὸν
955 1909 1088 1951 ςυνεχῆ
1121 1907 1161 1943 ἑν
1191 1911 1272 1943 τοῖς
1303 1910 1493 1945 τοιούτοις
1517 1910 1702 1954 δωριςμὸν
1727 1911 1788 1945 καὶ

196 1955 357 2003 ’μάλιστα
380 1956 449 1992 τὸν
467 1955 661 2001 Πίνδαρον
686 1958 846 2000 ςυνεχῶς
870 1955 1030 1996 λέγοντα
1055 1955 1096 1991 ὲν
1114 1957 1196 1991 ταῖς
1213 1955 1371 2000 αἰτήςεςι
1389 1956 1436 1991 τὸ
1455 1956 1548 1999 έμίν.
1581 1956 1788 1993 Pindarum

203 2001 306 2049 qued
332 2003 448 2049 dicat,
472 2002 625 2040 finxisse
648 2002 799 2047 videbar
820 2001 995 2049 Bergkio.
1046 2001 1147 2039 Conf
1166 2012 1282 2049 supra
1306 2002 1358 2039 ad
1381 2002 1412 2039 P
1430 2002 1519 2040 vm
1538 2007 1594 2041 68.

875 2135 964 2179 299
989 2133 1119 2194 (271)

323 2230 374 2266 Eia
398 2229 483 2267 Gud
505 2234 585 2276 193,
605 2235 639 2278 9,
664 2242 687 2269 e
711 2230 783 2268 cod
807 2229 894 2274 Elor
917 2228 1042 2267 Miller
1066 2228 1173 2265 MLG
1190 2232 1278 2266 326:
1304 2229 1554 2275 ἑξεςτηκώς
1573 2230 1787 2277 (Pindarice

203 2278 406 2315 ἑξεςτακώς
436 2278 619 2327 Boeckh)·
653 2282 767 2325 διχῶς
795 2280 940 2324 λέγεται
975 2279 1077 2324 παρὰ
1107 2277 1319 2324 Θουκυδίδῃ
1356 2279 1417 2313 καὶ
1447 2280 1549 2324 παρὰ
1580 2280 1657 2325 (om
1687 2278 1788 2326 Gud)

202 2326 399 2373 Πινδάρῳ·
435 2328 500 2363 ὁτὲ
532 2329 599 2371 μὲν
629 2329 675 2364 τὸ
700 2327 887 2372 μαίνεςθαι
917 2328 977 2363 καὶ
1001 2327 1169 2371 ἔκφρονα
1200 2326 1312 2369 εἶναι,
1347 2326 1412 2361 ὁτὲ
1443 2326 1486 2362 δὲ
1510 2327 1556 2362 τὸ
1583 2328 1659 2373 (om
1684 2326 1785 2373 Flor)

203 2374 464 2420 ὑπαναχωρεῖν
490 2377 550 2411 καὶ
575 2376 834 2421 ὑπεξέρχεςθαι
857 2375 896 2423 (ἢ
923 2374 1141 2421 άφίςταςθαι
1166 2372 1243 2409 add
1267 2371 1367 2419 Gud)
1392 2374 1498 2418 δηλοῖ
1524 2374 1600 2420 (om
1625 2373 1736 2421 Grud).

878 2507 967 2552 300
993 2505 1121 2566 (272)

325 2600 397 2636 ΕΜ
416 2604 497 2646 354,
517 2605 580 2638 59;
607 2602 832 2638 ἐπέτειον·
859 2603 920 2639 ἐπὶ
943 2606 1013 2639 τοῦ
1039 2603 1164 2638 grove*
1196 2601 1328 2637 ἔπετος
1357 2599 1504 2646 (ἔπετος
1535 2599 1595 2635 καὶ
1620 2600 1784 2638 ἐπέτειος

205 2659 382 2695 suprascr
407 2661 451 2686 ov
472 2650 522 2697 V)
540 2651 613 2695 γὰρ
638 2652 694 2686 δεῖ
711 2651 878 2693 λέγεςθαι
902 2651 971 2686 τὸν
990 2651 1174 2687 ὲνεςτῶτα
1193 2649 1348 2694 καιρόν
1364 2648 1448 2692 οὐχὶ
1468 2648 1527 2683 διὰ
1545 2651 1615 2683 τοῦ
1635 2650 1672 2691 ὅ
1691 2649 1786 2684 ἀλλὰ

208 2698 269 2732 διὰ
292 2701 363 2733 τοῦ
387 2701 433 2733 τῖ’
464 2698 517 2734 ὥς
547 2708 637 2742 φηςι
666 2697 858 2742 Πίνδαρος
883 2699 943 2734 καὶ
969 2699 1220 2742 Δημοςθένης.
1269 2695 1343 2731 Ubi
1369 2696 1495 2731 ἔπετες
1520 2696 1592 2739 γὰρ
1618 2695 1783 2739 Boeokh,

206 2744 265 2780 ἐπ’
301 2746 386 2781 ἔτος
421 2745 494 2790 γὰρ
532 2747 591 2781 καὶ
628 2746 795 2781 ἐπέτειον
832 2744 1065 2781 Bernhardio
1107 2745 1312 2793 praeeunte
1349 2742 1474 2789 Bergk
1518 2743 1784 2786 emendabant,

205 2790 366 2837 frustrag
402 2803 472 2828 nec
509 2791 671 2829 subsidii
707 2792 917 2838 quidquam
953 2804 1034 2828 esse
1072 2793 1182 2830 video
1225 2792 1335 2829 eram
1371 2791 1430 2827 An
1467 2790 1541 2825 Par
1564 2790 1616 2825 IV
1643 2794 1728 2834 169,
1750 2796 1784 2834 9,

207 2838 328 2875 Zonar
347 2843 429 2885 809,
455 2839 549 2876 Suid
573 2853 596 2876 v
620 2842 800 2883 ἐπέτειον,
826 2839 944 2886 Gyrill
969 2840 1040 2876 cod
1059 2840 1160 2877 Vind
1186 2853 1230 2876 nr
1249 2844 1328 2877 319.
1378 2838 1473 2874 Mihi
1498 2847 1583 2873 vero
1610 2839 1693 2873 ἔτος
1711 2840 1784 2882 γὰρ

207 2887 261 2922 δεῖ
291 2888 480 2931 λέγειν...
496 2888 625 2933 καιρόν
662 2887 805 2924 Bachm
835 2887 895 2923 An
921 2891 1008 2930 227,
1035 2892 1080 2923 32
1117 2888 1228 2924 unice
1266 2898 1392 2924 verum
1427 2885 1574 2922 videssur
1612 2895 1709 2928 esse,
1741 2887 1784 2920 ut

207 2932 331 2969 verbis
361 2934 439 2971 illis
474 2946 572 2980 quae
603 2936 692 2971 sunt
722 2935 770 2972 de
803 2935 937 2991 psilosi
968 2935 1123 2972 seclusis
1155 2937 1194 2972 οὓ
1223 2936 1387 2980 Pindaro
1419 2935 1457 2970 et
1482 2932 1724 2969 Demostheni
1749 2934 1783 2978 (c

208 2979 376 3018 Atistoor
401 2986 423 3027 5
442 2985 488 3018 92
512 2994 538 3029 p
558 2984 643 3029 651)
673 2982 903 3020 adiecturum
933 2984 1138 3021 ἐπέτειος
1168 2982 1458 3019 adscribendum
1489 2992 1568 3018 esse
1600 2990 1781 3016 censeam.
