2014 3360
928 205 1096 244 HYMNI
1716 206 1807 251 395

347 315 422 363 (2⁹)
439 314 625 364 [Lucina]
650 325 783 352 enoom
800 313 983 353 Domo-th
1004 317 1070 352 19:
1095 315 1220 361 ὥςπερ
1243 315 1315 352 οῦν
1339 315 1361 352 ό
1385 314 1577 359 Πίνδαρος
1601 315 1662 351 ἐπὶ
1687 316 1807 352 πολλὰ

224 366 281 410 τῷ
304 367 361 410 νῲ
390 364 624 408 τραπόμενος
653 364 756 400 οὕτω
785 374 866 400 πως
897 363 1107 409 ἠπόρηκεν·
1147 363 1310 406 Ἰςμηνὸν
1334 365 1411 399 κτλ.
1461 361 1522 398 Ad
1555 372 1654 408 quae
1680 363 1807 408 Ἀρχαὶ

225 413 348 448 ταῦτα
370 413 451 447 τῶν
474 411 668 458 Πινδάρου
697 413 768 448 τοῦ
799 412 1000 456 μελοποιοί)
1031 411 1161 455 ὕμνων
1192 409 1318 456 echoh
1354 409 1530 446 similiter
1560 411 1602 447 ἐν
1632 415 1680 456 τῇ
1713 412 1807 457 ᾠδῇ,

226 458 273 503 ἧς
294 460 319 502 ἡ
345 459 459 504 ἀρχή·
486 459 650 504 Ἰςμηνὸν
672 460 697 504 ἢ
721 469 780 504 χρ.
805 458 856 495 Μ.
882 457 987 495 schol
1011 457 1110 494 Pind
1133 456 1170 494 N
1188 457 1221 494 X
1243 462 1274 494 1.
1312 469 1358 494 vv
1378 461 1410 493 1.
1436 461 1471 494 2.
1490 461 1514 494 4
1539 459 1579 494 et
1603 461 1625 493 5
1650 457 1806 494 initium

225 505 361 549 laudat
377 505 468 543 Plut
491 505 576 554 glor
592 506 670 543 Ath
695 517 717 543 e
733 508 758 542 4
781 517 808 553 p
822 509 905 551 848,
940 517 964 542 v
984 509 1003 542 1
1030 507 1071 543 et
1095 509 1116 542 2
1141 505 1296 546 initium
1313 505 1386 544 Dio
1404 504 1501 543 Prus
1525 517 1568 542 ot
1584 504 1751 551 XXXIII,
1772 509 1805 542 4.

225 553 494 602 rumentum
522 553 668 601 primus
697 553 772 591 huo
804 553 954 591 vocavit
975 553 1131 591 Boeekh
1275 553 1299 591 1
1323 555 1473 599 χρυςηλ.
1498 553 1588 590 Plut
1612 552 1685 590 Dio
1770 557 1781 559 *

223 600 249 639 8
274 602 424 646 ἀνδρῶν
449 612 511 639 om
534 601 614 638 Iano
769 601 796 639 8
821 603 1006 646 κυανάμπ.
1037 601 1174 638 laudat
1197 601 1342 648 Dionys
1365 600 1466 637 Phae
1491 611 1542 649 ap
1576 600 1682 638 schol
1707 601 1809 638 inser

225 648 324 686 Pind
348 648 379 685 P
396 649 431 686 11
581 648 608 687 4
634 650 855 696 Ἡρακλέους
877 649 968 686 Plut
990 650 1031 686 et
1053 661 1077 686 v
1100 649 1116 686 l
1138 649 1218 686 Luc
1360 648 1386 686 5
1411 651 1608 687 Διωνύςου
1634 648 1806 695 Boeckh3

224 697 266 735 ef
285 696 303 733 1
327 696 397 734 VH
415 701 450 742 ὅ,
475 697 523 734 de
547 698 646 734 metr
670 697 823 745 append
848 701 869 742 9
888 701 912 734 4
937 708 982 733 nr
1002 701 1046 734 16
1071 698 1111 734 et
1134 698 1202 735 not
1221 700 1278 734 33.
1304 701 1326 742 5
1346 700 1400 734 8⁸.

347 746 423 794 (30)
447 744 552 783 Olem
569 745 667 783 Alex
683 747 801 783 strom
818 744 871 782 VI
889 748 976 782 ⁷312
1001 746 1192 791 Πίνδαρος
1216 746 1259 782 δὲ
1283 746 1457 791 ἄντικρυς
1475 746 1536 782 καὶ
1561 747 1712 791 ςωτὴρα
1731 744 1807 781 Δία

222 797 467 831 ςυνοικοῠντα
497 795 641 840 Θέμιδι,
673 794 818 838 βαςιλέα
848 796 999 839 ςωτῆρα
1030 793 1172 830 δίκαιον
1208 794 1426 838 ἑρμηνεύων
1459 793 1536 829 ὧδέ
1559 803 1657 829 πως·
1695 793 1807 837 Πρώ·

222 852 292 878 ταν
316 843 399 884 κτλ;
424 853 448 876 v
468 844 488 877 1
528 842 610 888 (pro
640 840 867 888 iambelego)
906 840 987 878 sine
1030 840 1194 878 auctoris
1237 840 1389 877 nomine
1427 839 1539 877 affert
1571 839 1806 887 Hephaestio

270 892 328 936 51,
347 892 394 925 22
412 888 462 925 W
630 888 654 926 1
680 893 814 936 πρῶτα
838 889 936 926 codd
961 888 1065 926 Clem
1088 888 1202 936 vulgo
1370 887 1396 925 2
1420 888 1618 934 χρυςίαιςιν
1644 889 1807 924 ἵπποιςιν

223 901 345 980 Elem,
370 947 453 973 corr
476 936 669 974 Hermann
738 937 842 983 παρὰ
864 937 989 981 πάγον
1013 936 1135 982 Olem,
1162 947 1244 973 corr
1268 936 1421 1022 Boegkh
1518 934 1543 973 4
1569 937 1663 979 ἄγον
1687 934 1818 978 clem,

224 995 307 1020 corr
330 984 523 1021 Hermann
601 985 803 1040 Οὐλύμπου
834 984 962 1022 οᾶιιῑιίι.
983 996 1004 1021 c
1034 984 1250 1022 Hermanno
1397 985 1551 1030 ἔμμεναι
1575 981 1806 1027 Clem,·corr

224 1031 358 1080 Heyne
501 1032 527 1070 8
551 1033 676 1078 ἀγαθὰ
699 1037 868 1078 ςωτηρας
901 1043 964 1070 om
986 1034 1104 1079 Ὥρας
1127 1032 1244 1079 clem,
1268 1033 1413 1078 ἀγαθὰς
1434 1032 1553 1076 Ὥρας
1577 1030 1806 1078 Stephanus,

225 1080 371 1124 ἀγαθὰς
392 1080 571 1127 ςωτείρας
593 1082 710 1127 Ὥρας
741 1080 966 1127 Schneider,
991 1082 1115 1126 ἀγαθὰ
1145 1083 1315 1126 ςιιντῆρας
1342 1081 1461 1127 Ὥρας
1483 1079 1688 1126 Hermann,
1720 1081 1807 1116 ἀλα-

223 1127 313 1166 θέας
334 1129 455 1176 Ὥρας
477 1139 525 1166 ex
548 1127 738 1176 Hesychio
762 1140 781 1166 s
805 1141 828 1167 v
851 1129 1090 1177 recuperavit
1113 1127 1278 1167 Boeckh.

919 1285 1009 1332 *31
1042 1285 1113 1346 (7)

343 1377 490 1416 Arietid
506 1379 542 1416 H
562 1383 631 1417 142
649 1379 743 1418 Ddf:
768 1380 960 1427 Πίνδαρος
984 1382 1028 1419 δὲ
1050 1382 1237 1427 τοςαύτην
1260 1381 1473 1427 ὑπερβολὴν
1490 1381 1692 1424 ἐποιήςατο
1712 1382 1807 1418 ὥςτε

223 1426 265 1464 ἐν
290 1427 383 1464 Διὸς
416 1428 525 1475 Υάμψ
556 1430 617 1465 καὶ
646 1430 738 1466 τοὺς
767 1430 879 1466 Θεοὺς
909 1430 1050 1467 αὐτούς
1080 1440 1192 1475 φηςιν
1222 1429 1404 1474 ἐρομένου
1434 1432 1504 1465 τοῦ
1529 1429 1638 1474 Διός,
1665 1429 1701 1465 εἴ
1735 1440 1806 1466 του

222 1474 390 1521 δέοιντο,
414 1474 560 1521 αἰτῆςαι
594 1476 814 1522 ποιήςαςθαί
849 1488 954 1514 τινας
990 1478 1096 1525 αὐτῷ
1127 1477 1253 1523 Θεούς,
1279 1477 1416 1514 οἵτινες
1445 1477 1495 1513 τὰ
1526 1477 1668 1521 μεγάλα
1697 1478 1808 1514 ταῦτ’

222 1523 315 1567 ἔργα
351 1524 410 1559 καὶ
448 1524 568 1560 πᾶςάν
602 1535 647 1567 γε
682 1526 754 1569 τὴν
790 1522 936 1561 ἐκείνου
968 1526 1198 1570 καταςκευὴν
1235 1525 1549 1570 κατακοςμήςουςι
1584 1525 1710 1568 λόγοις
1745 1526 1806 1560 καὶ

224 1575 387 1616 μουςικῇ.
426 1569 584 1626 Simu-ia,
610 1571 678 1608 sed
702 1582 724 1607 e
749 1583 817 1608 suo
832 1574 1026 1627 ,ex-ornata
1048 1572 1208 1626 praebet
1227 1571 1421 1609 Chorieius
1448 1571 1526 1609 Gaz
1550 1584 1576 1618 p
1596 1571 1666 1608 305
1687 1572 1806 1617 Boiss,

225 1621 247 1654 3
272 1617 433 1656 rotator.
483 1617 630 1655 anus
654 1619 729 1656 hue
753 1619 903 1656 rettuht
927 1619 1090 1657 Boeokh.
1800 1627 1804 1631 ’

927 1776 986 1820 32
1018 1773 1088 1834 (8)

962 1874 1041 1915 τοῦ
1071 1875 1177 1916 Θεοῦ

297 1940 473 2001 (ἄκουςε
506 1940 694 2000 Κάδμος)
723 1943 927 1996 μουςικὰν
941 1869 1093 1996 (ὀρθὰν
1124 1872 1476 1998 ἐπῗδεικνυμὲνου

343 2069 489 2107 Aristid
512 2071 548 2107 H
566 2075 637 2108 383
656 2071 751 2108 Ddf:
787 2072 856 2108 κάν
880 2076 960 2109 τοῖς
983 2073 1114 2117 ὕμνοις
1137 2073 1283 2110 διεξιὼν
1305 2074 1390 2116 περὶ
1414 2076 1495 2108 τῶν
1519 2074 1561 2109 έν
1586 2075 1724 2111 ἅπαντι
1749 2081 1805 2123 τῷ

224 2119 352 2166 χρόνῳ
384 2121 662 2164 ςυμβαινόντων,
684 2120 922 2164 παθημάτων
943 2123 1024 2156 τοῖς
1048 2120 1162 2166 (Θεοῖς
1192 2119 1277 2156 utel?
1314 2117 1454 2167 Christ)
1501 2121 1714 2166 ἀνθρώποις
1745 2125 1805 2159 καὶ

225 2170 296 2213 τῆς
332 2169 539 2212 μεταβολῆς
573 2168 642 2204 τὸν
680 2168 828 2210 Κάδμον
864 2169 977 2213 φηςὶν
1015 2169 1167 2204 ἀκοῦςαι
1203 2171 1287 2204 τοῦ·
1313 2168 1549 2205 ’Λπόλλωνος
1585 2169 1806 2216 (Πίνδαρος)

225 2215 440 2258 μουςικὰν
483 2215 625 2260 ὀρθὰν
667 2216 1061 2259 ἐπιδεικνυμένου.
1111 2214 1201 2252 Plut
1225 2214 1323 2262 Pyth
1351 2225 1440 2251 orae
1465 2226 1486 2251 ο
1505 2219 1526 2252 6
1552 2228 1579 2262 p
1599 2219 1686 2252 397:
1714 2219 1735 2252 ὁ
1764 2220 1805 2253 δὲ

222 2262 414 2307 Πίνδαρος
455 2262 609 2299 άκοῠςαί
649 2274 739 2309 φηςι
779 2267 852 2300 τοῦ
894 2266 984 2300 θεοῦ
1027 2264 1097 2299 τὸν
1141 2264 1289 2307 Κάδμον
1332 2262 1664 2311 (ἐπιδεικνυμένου
1703 2265 1805 2300 inser

223 2309 363 2355 Paton,
390 2312 434 2346 οὐ
458 2309 579 2359 libri>
610 2312 826 2355 μουςικὰν
861 2311 1025 2357 ὀρθάν,
1070 2312 1141 2356 οὐχ
1164 2312 1294 2356 ἡδεῖαν
1319 2313 1401 2355 κτλ;
1439 2311 1542 2347 idem
1567 2312 1670 2348 anim
1695 2324 1805 2358 procr

224 2369 245 2394 c
258 2361 304 2394 33
323 2370 349 2405 p
365 2361 473 2394 1030:
499 2359 551 2394 ὥς
574 2369 648 2395 που
669 2356 789 2395 αὐτὸς
812 2360 834 2395 ὁ
857 2358 1046 2404 Πίνδαρος
1069 2362 1140 2396 τοο
1166 2362 1255 2400 θεοῦ
1274 2369 1387 2404 φηςιν
1406 2360 1604 2396 ἐπακούειν
1624 2360 1802 2406 (Boeekh,

223 2417 351 2443 -οντος
375 2405 478 2452 libri)
504 2407 679 2450 μουςικὰν
703 2407 821 2452 ὀρθὰν
846 2407 1150 2450 ἐπιδεικνυμένου
1177 2405 1347 2453 (agnovit
1370 2405 1522 2453 Heyne,
1548 2409 1617 2443 οὐκ
1643 2410 1804 2452 ἀνορέαν

222 2454 518 2497 ἐπιδεικνύμενος
546 2453 650 2500 libri)
680 2455 749 2490 τὸν
781 2456 940 2499 Κάδμον.
989 2453 1154 2491 Mettum
1185 2453 1336 2490 Boeokh
1367 2454 1424 2491 ita
1455 2455 1728 2500 constituebat,
1762 2457 1805 2491 ut

224 2500 286 2548 frg
306 2505 387 2548 172,
408 2506 501 2538 1--2
524 2502 778 2548 responderet.

885 2622 975 2667 *33
1007 2620 1136 2680 (133)

280 2716 461 2762 ’ἄνακτα
490 2718 575 2762 τὸν
600 2718 780 2763 πάντων
810 2718 1140 2774 ὑπερβάλλοντα
1173 2718 1343 2772 Χρόνον
1374 2717 1578 2771 μακάρων

345 2845 434 2882 Plut
452 2849 588 2892 quaest
598 2847 784 2884 1³1»th
802 2852 826 2884 4
850 2860 876 2894 p
892 2851 1001 2885 1007:
1026 2850 1097 2894 τὴν
1116 2850 1151 2885 δ’
1170 2847 1297 2885 οὐςίαν
1321 2848 1440 2890 αὐτοῦ
1465 2849 1524 2883 καὶ
1548 2849 1620 2891 τὴν
1645 2848 1802 2890 δύναμιν

225 2893 271 2928 οὐ
296 2896 543 2939 ‹wopam-ec,
567 2896 616 2939 ἣν
641 2896 664 2931 ὃ
687 2907 743 2931 τε·
753 2896 944 2941 Πίνδαρος
967 2897 1098 2933 ἔοικεν·
1113 2897 1158 2932 ού
1183 2896 1338 2940 φαύλως
1367 2896 1543 2931 ὑπονοῶν
1569 2894 1699 2930 εἰπεῖν)
1728 2896 1798 2930 ἄνα

225 2942 303 2975 τῶν
326 2940 481 2976 πάντων
505 2943 582 2978 κτλ.
665 2943 808 2979 ἄνακτα
831 2942 967 2988 Heyne
1036 2945 1104 2979 τὸν
1129 2943 1330 2979 Hermann.
1381 2942 1540 2978 Voeavit
1563 2942 1635 2977 huc
1663 2942 1797 2989 Bergk.
