2014 3360
203 1183 249 1216 92

277 203 339 247 42
881 191 884 193 ’
937 203 1186 241 PmnAnvs

276 311 466 366 ἔπραθον
502 311 706 365 ςπόμενοι
747 315 1008 367 depravatum
1050 321 1134 356 esse
1174 316 1433 367 probabiliter
1469 317 1637 358 coniecit
1671 314 1840 371 Bergk¹3

277 381 319 420 cf
339 379 365 432 ἓ
391 380 459 421 89.
509 380 690 432 Denique
715 379 749 421 Ο
767 380 869 420 Vm
889 382 942 420 11
963 380 1125 421 modum
1142 382 1445 422 'conjunctivum
1469 395 1552 424 esse
1566 385 1841 424 necessarium

276 439 396 500 (quae
422 447 482 486 est
499 445 665 497 Breyeri
688 446 885 486 sententia
910 446 1002 486 anal
1024 445 1154 485 Pindd
1171 446 1275 486 Vrat
1294 447 1421 498 1880,
1441 442 1517 503 25)
1541 449 1609 488 vix
1630 449 1841 500 quisquam

276 510 487 550 contendat
511 510 562 550 cll
586 510 608 550 I
626 510 664 549 V
683 511 724 562 8,
747 511 787 563 N
804 511 862 550 XI
883 512 949 551 14.
988 509 1097 558 Quae
1122 524 1213 551 cum
1236 513 1297 552 ita
1320 514 1414 563 sint,
1436 515 1571 553 utrum
1588 527 1724 554 veram
1746 514 1840 554 illae

274 575 424 616 formae
446 576 622 616 referant
653 589 704 615 an
733 576 877 616 falsam
905 589 1002 628 prae
1028 589 1075 622 ‚se
1106 578 1236 617 ferant
1267 579 1558 630 antiquitatem,
1588 579 1770 630 equidem
1794 592 1840 620 eo

274 641 405 681 minus
434 639 584 691 dubito,
615 640 720 691 quod
751 643 970 681 ceterorum
998 643 1207 693 poetarum
1237 643 1507 694 antiquiorum
1530 645 1709 684 carmina⁴
1727 657 1841 695 prae·

275 711 381 751 clara
399 711 471 751 illa
489 713 675 764 aerugine
692 713 851 752 omnino
867 714 1003 752 carent
1021 694 1145 763 [Ε’(Π
1145 709 1211 753 ΕΟ
1229 712 1361 754 Bacch
1373 714 1432 754 XI
1447 716 1530 755 115
1551 717 1611 756 est
1627 715 1721 756 mod
1738 715 1840 755 indi·

274 774 444 828 nativus]
472 778 590 828 atque
615 778 659 816 in
682 778 828 817 iunctis
851 778 989 818 formis
1014 772 1353 832 (μεταςπόμενος
1377 777 1410 820 Ν
1434 781 1531 830 567,
1555 776 1842 829 ἐπιςπόμενον

276 839 308 882 Ν
335 842 434 893 495,
463 839 707 883 ἑπιςπέςθαι
737 840 775 883 Ξ
803 838 908 898 521)
938 856 988 882 ne
1016 843 1218 883 Homerici
1249 843 1409 894 quidem
1439 845 1533 884 libri
1560 845 1840 896 reduplicatio-

274 907 336 947 nis
377 907 493 947 istius
536 907 665 947 ullum
702 908 921 959 vestigium
953 908 1246 948 retinuerunt·
1276 908 1520 950 Indicativus
1559 901 1839 963 ἑπέςποντ(ο)

273 971 306 1011 Ρ
335 971 395 1010 IV
427 973 511 1012 133
550 985 627 1013 usu
661 972 872 1013 Homerico
910 969 1140 1025 (ἐπέςπον)
1181 974 1278 1013 satis
1319 973 1478 1014 videtur
1519 974 1701 1015 stabiliri.
1762 974 1840 1014 Ex-

273 1036 532 1088 spectandum
559 1038 684 1090 igitur
714 1038 790 1078 erit
819 1037 879 1078 La
908 1037 1087 1088 Rochiis,
1117 1036 1213 1077 dnm
1242 1036 1606 1088 μεταςεςπόμενος
1636 1035 1839 1087 μεθεςπό-

274 1112 414 1151 μενος,
445 1100 675 1145 ἐςέςποντο
707 1099 906 1143 εἵςποντο
938 1115 960 1142 e
989 1103 1081 1142 lacu
1111 1102 1282 1153 quodam
1311 1102 1560 1154 Aegyptiace
1589 1104 1840 1144 reviviscant,

344 1214 346 1216 ,
391 1163 578 1208 ἔπετον
609 1181 620 1207 :
650 1164 846 1208 ἔπεςον.
909 1167 1083 1219 Stirpem
1121 1178 1221 1208 πετ-
1261 1168 1306 1207 in
1345 1180 1414 1208 aor
1448 1168 1491 1207 H
1527 1170 1592 1208 act
1627 1171 1669 1208 et
1699 1170 1743 1209 in
1777 1169 1842 1209 fut

272 1231 362 1272 med
398 1232 504 1284 apud
539 1231 757 1273 Homerum
792 1233 836 1272 in
872 1243 970 1273 πες-
1009 1233 1136 1273 abisse
1171 1233 1294 1284 vulgo
1331 1234 1494 1283 putant,
1537 1233 1642 1284 apud
1677 1233 1840 1275 Lesbios

272 1292 449 1351 (ἔπετον
484 1297 561 1338 Alc
599 1293 676 1353 60)
719 1299 759 1338 et
800 1297 907 1349 apud
943 1298 1154 1352 Dorienses
1192 1298 1413 1348 perstitisse
1450 1300 1615 1338 constat.
1676 1298 1841 1340 Pindari

271 1362 365 1402 libri
403 1362 509 1414 quod
549 1362 668 1403 modo
710 1373 826 1402 πετ-
870 1362 1072 1403 exhibent:
1115 1361 1149 1403 Ο
1180 1362 1260 1402 VH
1292 1364 1346 1403 69
1391 1363 1582 1404 πετοῖςαι
1609 1376 1618 1404 :
1650 1364 1840 1406 πεςοῖςαι

272 1425 411 1478 Mae,
452 1427 554 1467 VIII
589 1428 645 1467 38
690 1425 878 1468 κάπετον
903 1440 914 1467 :
948 1424 1167 1467 κάππεςον
1202 1427 1262 1477 N,
1303 1427 1336 1466 P
1367 1427 1399 1466 V
1437 1428 1493 1468 50
1535 1425 1840 1470 πετόντεςςινε

272 1489 535 1533 πεςςόντεςςι
580 1491 630 1543 0,
678 1492 780 1531 vm
823 1493 877 1532 81
923 1489 1118 1541 ἔμπετες,
1166 1492 1206 1531 N
1247 1491 1307 1531 IV
1348 1493 1403 1532 41
1454 1493 1674 1543 πετοῑςαν,
1721 1493 1839 1535 modo

259 1559 400 1597 ’πες-;
444 1557 478 1598 0
508 1558 546 1597 X
577 1558 632 1597 98
671 1554 932 1610 ἀμφέπεςον,
974 1556 1053 1596 XH
1086 1558 1142 1596 10
1178 1551 1406 1611 ἔπες(ς)εν,
1448 1557 1481 1597 Ρ
1518 1558 1560 1597 H
1590 1560 1645 1599 41
1683 1556 1839 1611 πεςὼν,

272 1621 373 1662 VIII
403 1624 456 1662 21
491 1617 679 1677 ἔπες(ς)ε
719 1618 837 1676 (οὐχὶ
867 1618 992 1662 ἔπετε
1029 1622 1072 1674 gl
1101 1617 1174 1677 P),
1209 1622 1249 1662 N
1277 1622 1337 1662 VI
1369 1623 1422 1662 51
1462 1618 1656 1679 ἔμπες(ε)
1690 1622 1838 1676 [corru-

271 1685 423 1745 ptum],
448 1687 528 1726 VH
560 1688 613 1726 31
646 1685 766 1735 πέςε,
805 1686 826 1726 I
862 1686 1049 1729 m÷1v
1079 1689 1134 1732 41.
1173 1686 1317 1738 πέςεν,
1354 1687 1456 1728 VIH
1487 1690 1512 1728 6
1551 1687 1764 1740 πέςωμεν,
1799 1690 1839 1731 N

273 1752 353 1791 VH
384 1753 439 1791 73
471 1749 679 1801 ἑμπεςεῖν,
709 1752 730 1790 Ι
753 1752 935 1794 m÷1v
961 1753 1014 1794 69
1047 1753 1282 1804 ςυμπεςεῑν,
1312 1766 1484 1804 quanam
1510 1755 1664 1795 ratione
1687 1755 1838 1796 factum

244 1864 247 1865 ⁷
273 1817 337 1867 sit,
369 1816 497 1856 adhuc
525 1829 640 1856 nemo
670 1817 864 1868 probavit.
919 1818 1054 1869 Tycho
1085 1819 1190 1858 enim
1212 1818 1432 1859 Mommsen
1461 1814 1560 1874 (adn
1587 1820 1705 1872 suppl
1732 1816 1838 1876 122)

272 1883 432 1933 poetam
474 1882 552 1921 nisi
594 1893 683 1921 cum
724 1883 875 1923 famoso
923 1883 994 1923 illo
1040 1884 1221 1935 sigmatis
1262 1884 1423 1925 horrore
1464 1884 1739 1937 prohibeatur,
1786 1885 1838 1926 ad

273 1957 371 1986 πες-
405 1946 554 1996 delabi,
589 1946 830 1987 Herwerden
862 1942 999 2002 (studd
1029 1947 1133 1988 Pind
1167 1943 1242 2004 ’27)
1272 1949 1315 1988 in
1343 1950 1555 2001 participio
1587 1963 1695 2001 eum,
1723 1964 1836 2002 prae-

273 2012 410 2052 sertim
439 2010 487 2052 ἐν
514 2009 744 2052 Αἰολίδεςςι
775 2013 951 2063 χορδαῖς
982 2008 1034 2069 (Ρ
1059 2009 1132 2069 H),
1162 2025 1261 2055 πετ-
1291 2016 1461 2055 retinere
1489 2017 1617 2067 putat.
1681 2015 1758 2057 Sed
1787 2029 1837 2056 ne

274 2076 369 2128 quid
399 2077 528 2116 dicam
558 2078 732 2129 gravius,
766 2079 1009 2120 Mommseno
1042 2080 1293 2132 refragantur
1323 2077 1524 2132 κάπετον,
1556 2077 1838 2130 πετόντεςςιν,

273 2143 507 2192 ςυμπεςεῖν,
531 2143 795 2185 Herwerdeno
820 2142 1007 2185 κάπετον
1033 2147 1073 2185 et
1097 2141 1276 2194 ἔμπετες
1299 2144 1519 2195 indicativi,
1543 2142 1686 2185 πεςὼν
1704 2139 1758 2199 (P
1775 2140 1837 2200 H)

272 2207 537 2258 participium.
597 2207 645 2247 In
674 2209 835 2249 vocibus
870 2210 1086 2250 rarioribus
1118 2212 1188 2249 aut
1217 2210 1425 2250 dialectica
1453 2210 1582 2250 forma
1614 2209 1836 2261 insignibus

274 2265 500 2326 (κάπετον,
542 2268 736 2323 ἔμπετες,
779 2275 1000 2324 πετοῑςαν,
1044 2275 1191 2324 -οῑςαι,
1236 2269 1437 2328 -όντεςςι)
1477 2275 1641 2324 propter
1680 2273 1838 2314 felicem

275 2335 473 2387 quandam
502 2337 753 2378 librariorum
782 2340 982 2379 inscitiam
1007 2351 1249 2390 quamquam
1273 2339 1490 2390 genuinum
1513 2348 1612 2378 πετ·
1638 2338 1722 2378 fere
1746 2350 1837 2379 con-

274 2403 473 2441 servatum
503 2414 586 2442 esse
616 2403 790 2455 videtur,
827 2403 1050 2456 corrigendi
1078 2405 1213 2443 tamen
1242 2403 1349 2443 locos
1379 2402 1655 2444 dissentientes
1683 2404 1836 2455 pericu·

274 2466 357 2506 lum
388 2467 477 2507 aliis
506 2469 768 2519 permisimus.

392 2656 438 2695 In
468 2658 603 2697 verbi
639 2669 810 2708 genere
847 2655 1090 2696 observando
1120 2656 1335 2698 Pindarum
1370 2658 1413 2698 id
1442 2659 1633 2710 tenuisse,
1668 2672 1718 2700 ne
1753 2665 1834 2701 me*

275 2720 384 2760 dium
426 2734 496 2761 sua
538 2723 581 2761 vi
619 2734 795 2772 imquam
837 2723 1004 2771 careret,
1044 2723 1150 2762 recte
1194 2724 1329 2763 contra
1370 2722 1554 2764 Garolum
1588 2724 1834 2765 Friederichs

276 2786 476 2825 contendit
506 2786 588 2826 Osk
618 2786 820 2825 Erdmann
851 2785 899 2826 de
929 2785 961 2825 P
991 2799 1067 2827 usu
1097 2788 1190 2838 synt
1219 2787 1333 2828 Halis
1361 2789 1488 2840 1867,
1519 2789 1713 2830 53—-542
1743 2786 1834 2829 δαί·-

275 2860 396 2891 ονται
431 2850 463 2890 Ρ
494 2850 557 2889 ΠΙ
589 2851 642 2890 81
687 2847 870 2905 (δαίοντι
901 2851 962 2903 'I'y
991 2847 1247 2907 Mommsen),
1287 2851 1464 2904 τέμενος
1495 2852 1682 2895 ἕςςαςθαι
1717 2852 1751 2892 Ρ
1774 2853 1834 2892 IV

277 2915 382 2966 204,
411 2911 642 2964 ἀνδριάντα
672 2913 941 2957 καθέςςαςθαι
971 2915 1010 2955 V
1032 2918 1109 2969 42,
1143 2917 1325 2971 κρηπῖδα
1355 2917 1552 2970 βαλέςθαι
1580 2917 1614 2957 Ρ
1643 2917 1703 2957 IV
1735 2919 1835 2970 188,
