2014 3360
328 869 506 925 Quater
539 867 741 925 contigit
778 867 1005 910 Theodoro
1034 867 1210 924 Bergk,
1245 869 1300 909 ut
1327 865 1593 909 Pindarum
1623 853 1795 909 ederet:

199 942 407 1001 primum
451 956 575 984 anno
620 943 737 984 1843
780 940 1051 999 (praefatus
1088 938 1352 996 Marburgi
1390 938 1654 982 Chattorum
1700 938 1794 981 Cal.

204 1016 321 1063 Nov.
342 1014 494 1071 1842),
523 1014 691 1062 iterum
711 1014 825 1057 1853
846 1013 1020 1072 (praef.
1042 1011 1276 1069 Friburgi
1290 1010 1665 1069 Brisgaviaessl.
1686 1011 1794 1054 Iun.

204 1088 348 1145 1853),
369 1092 559 1131 tertium
579 1090 693 1132 1866
711 1087 886 1146 (praef.
901 1077 1056 1130 Halae
1075 1085 1183 1130 Sax.
1197 1088 1270 1130 26.
1285 1086 1395 1129 Dec.
1410 1084 1555 1140 1865),
1574 1088 1795 1142 quartum

203 1164 319 1206 1878
343 1160 518 1220 (praef.
543 1162 740 1204 Bonnae
765 1162 834 1205 12.
865 1160 960 1203 Oct.
987 1159 1136 1212 1877).
1208 1184 1211 1188 >

323 1233 439 1282 Post
463 1233 563 1277 viri
582 1233 771 1292 egregii
790 1232 959 1277 obitum
982 1232 1072 1289 (20.
1094 1232 1188 1275 Iul.
1209 1231 1342 1287 1881)
1362 1231 1620 1274 Eduardus
1639 1229 1798 1273 Hz'ller

205 1312 251 1353 et
285 1308 537 1351 Poetarum
574 1306 851 1365 Lyricorum
895 1306 1176 1349 Graecorum
1229 1305 1332 1348 volt.
1387 1305 1454 1346 II.
1493 1304 1586 1346 III
1611 1303 1797 1361 quartis

206 1380 410 1435 Bergkii
429 1380 556 1423 curis
583 1384 720 1423 aucta
746 1383 885 1437 atque
910 1379 1149 1422 emendata
1175 1377 1300 1436 typis
1326 1377 1594 1421 excudenda
1613 1376 1800 1420 curavit

206 1453 362 1510 (1882)
406 1457 452 1496 et
494 1454 578 1496 vol.
622 1454 658 1495 I
693 1452 899 1496 Pindari
942 1451 1152 1495 carmina
1178 1450 1438 1508 *continens
1481 1450 1796 1498 renovandum

205 1526 417 1584 suscepit.
473 1525 568 1581 Qui
608 1540 710 1568 cum
753 1524 917 1568 mediis
962 1539 1020 1567 ex
1065 1510 1294 1567 laboribus
1336 1523 1436 1566 suis
1479 1526 1624 1566 morte
1659 1527 1797 1580 prae-

205 1603 391 1656 matura
442 1599 659 1656 abreptus
703 1602 829 1650 esset,
881 1612 1022 1641 anno*
1053 1600 1166 1640 1891
1212 1595 1437 1640 librarius
1481 1594 1796 1640 nobilissimus

205 1671 334 1727 mihi
364 1671 616 1720 mandavit,
664 1675 720 1714 ut
761 1676 878 1729 opus
923 1670 1189 1725 incohatum
1235 1670 1509 1728 perficerem.
1562 1669 1657 1712 Sed
1695 1683 1798 1712 cum

205 1744 387 1789 Hz‘llerz·
412 1743 588 1795 schedis
614 1744 833 1802 perlectis
863 1758 957 1788 non
990 1743 1143 1787 eadem
1175 1758 1267 1800 qua
1293 1742 1418 1785 hunc
1443 1741 1731 1785 continentia
1756 1746 1802 1784 et

202 1817 374 1876 pietate
406 1831 516 1874 erga
549 1816 702 1860 virum
728 1831 903 1860 summe
933 1816 1056 1859 mihi
1076 1816 1312 1859 colendum
1340 1815 1476 1859 illum
1502 1815 1697 1872 quidem,
1717 1815 1804 1858 ,sed

199 1894 359 1949 poetae
377 1889 662 1948 gravissimi
681 1889 763 1933 cui
783 1889 835 1933 in
862 1889 1098 1947 integrum
1127 1889 1413 1933 restituendo
1434 1887 1620 1947 pariter
1646 1902 1800 1931 omnes

207 1962 485 2007 inservimus
522 1962 739 2006 editorem
768 1963 1040 2012 dumtaxat,
1081 1976 1281 2005 usurum
1312 1976 1383 2005 me
1414 1975 1509 2004 esse
1546 1959 1668 2004 milii
1695 1965 1800 2018 per-

206 2036 458 2088 suaderem,
486 2051 514 2078 a
540 2035 732 2079 librario
758 2035 914 2086 petivi,
941 2039 997 2078 ut
1020 2034 1232 2078 Pindari
1245 2034 1407 2092 potius
1433 2049 1572 2095 quam
1597 2033 1806 2092 Bergkii

207 2108 374 2152 edendi
393 2112 600 2166 potestas
625 2108 752 2156 mihi
773 2109 980 2151 daretur.
1018 2107 1152 2163 Quod
1178 2122 1281 2152 cum
1301 2107 1462 2166 facile⁴
1485 2107 1800 2164 impetrassem

208 2196 236 2224 a
267 2181 367 2235 viro
398 2181 735 2225 humanissimo
767 2195 849 2224 nec
875 2185 1074 2240 tempore
1099 2181 1196 2225 ullo
1221 2196 1310 2238 quo
1335 2186 1453 2238 opus
1478 2180 1801 2223 absolvendum

208 2258 323 2298 esset
357 2253 607 2298 constituto
645 2259 894 2312 premerer,
940 2253 1159 2297 editionis
1196 2253 1508 2297 celeberrimae
1545 2268 1638 2296 non
1675 2253 1803 2296 modo

207 2327 425 2376 frontem,
465 2341 622 2371 verum
661 2326 800 2370 etiam
827 2327 1203 2386 fundamentum
1240 2326 1383 2383 quasi
1415 2329 1669 2370 retractare
1700 2340 1801 2368 con-

209 2399 357 2442 stitui.
407 2400 523 2442 Tum
553 2399 730 2452 accidit,
764 2404 820 2443 ut
851 2414 1076 2457 magnum
1109 2403 1154 2442 et
1177 2399 1268 2443 otii
1288 2403 1333 2442 et
1357 2398 1467 2443 boni
1486 2398 1642 2442 animi
1662 2398 1802 2442 detri-

211 2475 412 2515 mentum
450 2478 653 2530 caperem
693 2472 947 2530 'ingruente
972 2475 1330 2530 gymnasiorum
1363 2475 1630 2515 nostrorum
1662 2486 1802 2528 quam

211 2545 428 2588 vocabant
446 2545 790 2603 reformatione.
827 2546 1026 2588 Tandem
1049 2560 1152 2588 cum
1168 2548 1362 2602 propter
1382 2543 1624 2602 egregium
1647 2559 1802 2589 eorum

210 2616 296 2673 qui
334 2617 502 2661 scholis
546 2617 597 2660 in
635 2619 868 2661 Borussia
908 2617 1302 2661 administrandis
1336 2621 1570 2675 praesunt
1604 2615 1657 2659 in
1695 2617 1804 2660 haec

210 2690 368 2732 studia
389 2689 611 2748 favorem
639 2690 877 2748 integrum
901 2690 1025 2734 'mihi
1044 2705 1221 2733 annum
1248 2689 1474 2745 (1893l94)
1496 2688 1680 2747 publico
1704 2703 1803 2732 mu-

212 2776 317 2805 nere
355 2776 517 2806 vacare
553 2763 721 2819 liceret,
760 2762 965 2806 Pindari
1001 2762 1170 2806 codices
1201 2777 1314 2820 quos
1345 2761 1528 2819 quidem
1560 2766 1677 2819 opus
1710 2776 1804 2804 esse

215 2835 450 2878 videretur
487 2835 562 2891 (de
599 2837 764 2893 quibus
803 2851 841 2879 v.
865 2836 1078 2894 prolegg.
1112 2841 1161 2893 p
1196 2835 1243 2892 6)
1282 2835 1427 2878 denuo
1465 2835 1654 2878 contuli.
1707 2835 1804 2877 Nec

206 2912 351 2964 parvo
395 2907 517 2952 mihi
537 2908 654 2967 fuit
689 2908 966 2958 adiumento,
1011 2909 1136 2966 quod
1169 2907 1385 2951 Andreas
1433 2909 1583 2951 Ursus
1619 2907 1803 2950 Drach-

213 2994 351 3023 mann
395 2984 536 3024 annis
580 2982 741 3034 1895s6
784 2985 828 3024 et
871 2982 1040 3024 multos
1084 2981 1200 3024 locos
1239 2980 1410 3033 dubios,
1448 2979 1803 3023 correctionibus
