2014 3360
778 223 1151 262 PROLEGOMENA
1175 223 1228 260 IV
1737 220 1794 265 ’15

420 341 575 382 monios
612 338 873 380 Doriensibus
914 338 1109 378 auxilium
1147 338 1288 378 tulisse
1329 336 1439 376 dicit.
1499 336 1641 388 Neque
1683 334 1796 376 aliud

423 406 643 459 quidquam
672 404 873 446 Diodorus
909 404 1053 455 tradit3
1095 417 1191 443 nam
1231 416 1333 455 quae
1372 403 1479 443 inter
1517 403 1686 443 alteram
1721 415 1795 454 pu-

422 486 544 526 gnam
573 471 818 524 Megaricam
854 472 896 512 et
930 470 1082 511 bellum
1120 483 1144 509 a
1173 469 1444 510 Phocensibus
1487 470 1717 520 susceptum
1754 467 1797 508 in

425 537 525 579 codd
555 538 746 590 leguntur
775 536 899 578 verba
935 548 1063 588 paene
1099 534 1271 575 ridicula
1309 531 1416 585 μετὰ
1451 530 1602 583 ὀλίγας
1638 532 1798 585 ἡμέρας

426 603 529 644 nihil
558 616 703 644 moror.

542 669 633 710 Viri
663 668 772 710 docti
801 669 846 709 in
868 668 932 709 his
956 667 1205 720 temporibus
1230 665 1520 708 constituendis
1544 665 1801 716 dissentiunt,

421 736 559 788 prouti
590 735 759 787 quisque
796 734 839 775 in
875 733 1007 775 indice
1043 734 1116 774 isso
1147 732 1371 774 Erechtheo
1410 734 1482 773 aut
1519 731 1569 773 de
1606 732 1718 772 civili
1754 732 1802 772 ut

422 802 483 842 ita
519 802 650 841 dicam
686 802 759 841 aut
794 792 843 841 de
880 800 1050 841 militari
1091 812 1196 840 anno
1233 799 1406 852 cogitat,
1447 811 1671 850 novemque
1708 798 1802 837 illos

424 868 522 910 belli
547 867 776 920 Aeginetici
804 879 961 908 menses
993 868 1065 907 aut
1094 867 1138 906 in
1164 866 1364 906 rationem
1387 864 1544 905 inducit
1567 866 1640 904 aut
1663 876 1802 904 nume·

423 948 514 974 rum
545 936 779 986 corruptum
807 946 893 975 esse
922 934 1054 986 putat.
1116 932 1290 974 Nostrae
1319 931 1497 972 rationes
1534 932 1578 971 in
1606 930 1684 970 hac
1715 930 1802 982 qui-

423 1000 514 1040 dem
551 999 857 1051 quaestiuncula
894 999 1175 1052 chronologica
1210 998 1294 1039 fere
1334 1010 1427 1038 cum
1457 997 1670 1038 Dunckero
1710 1008 1802 1037 cou-

425 1066 596 1107 veniunt
625 1059 774 1121 (Gesch
805 1065 832 1105 d
861 1065 1026 1106 Alterth
1059 1062 1215 1117 [1884]
1245 1063 1350 1104 VIII
1377 1064 1463 1104 278
1489 1058 1548 1119 n).

545 1130 624 1172 Sed
662 1134 711 1172 ut
753 1131 805 1172 ad
843 1130 1118 1184 Strepsiadam
1152 1131 1351 1172 revertar:
1392 1130 1496 1170 hano
1534 1128 1697 1181 quidem
1732 1128 1802 1168 ho-

423 1197 543 1238 minis
580 1197 761 1238 Thebani
802 1197 1017 1238 victoriam
1052 1196 1314 1238 Isthmiacam
1348 1209 1431 1236 non
1468 1197 1562 1236 ante
1600 1196 1640 1236 ol
1673 1195 1750 1245 80,
1775 1195 1803 1234 4

299 1270 395 1306 458?
425 1263 491 1303 vel
528 1263 624 1303 anni
654 1276 679 1303 a
711 1259 792 1304 Ohr
819 1277 849 1303 n
880 1264 967 1304 456
1005 1275 1184 1303 mensem
1213 1262 1398 1315 Aprilem
1432 1263 1683 1313 reportatam
1719 1272 1805 1301 esse

429 1328 528 1369 satis
559 1330 731 1380 constat,
760 1329 868 1369 inter
897 1325 1127 1370 ‘imberbes'
1153 1329 1390 1370 coniecerim
1415 1340 1507 1368 cum
1529 1329 1695 1379 propter
1720 1339 1804 1367 car-

428 1394 549 1435 minis
578 1393 763 1434 habitum
794 1394 1022 1436 cohortanti
1055 1408 1177 1447 quam
1206 1395 1388 1436 monenti
1425 1394 1677 1444 similiorem,
1717 1395 1806 1432 tum

427 1461 593 1512 propter
636 1460 826 1500 avunculi
869 1461 1136 1513 cognominis,
1186 1461 1251 1511 cui
1292 1460 1426 1502 laudis
1467 1461 1626 1512 partem
1669 1458 1805 1500 cedere

428 1524 680 1577 Strepsiadas
713 1524 863 1566 dicitur
893 1520 1006 1582 (24),
1039 1522 1216 1568 εὐανθέ’
1246 1523 1415 1568 ἁλικίαν
1446 1521 1558 1582 (34).

251 1591 273 1631 Ι
296 1590 398 1631 VIII
427 1590 541 1632 Insci-
565 1603 656 1631 cum
680 1590 842 1632 scholiis
866 1592 974 1632 inser
996 1605 1062 1632 om
1087 1593 1186 1644 vett,
1214 1588 1445 1646 Κλεάνδρῳ
1465 1589 1665 1646 Αἰγινήτῃ
1685 1590 1807 1642 Tricl,
1835 1635 1838 1637 ,

426 1654 678 1709 παγκρατίῳ
709 1650 779 1712 (ex
809 1670 837 1697 v
864 1652 942 1713 66)
975 1657 1054 1698 add
1084 1657 1240 1710 Heyne,
1271 1653 1457 1711 ἀγενείῳ
1489 1654 1806 1708 παγκρατιαετῇ

426 1722 576 1764 malim.
636 1720 699 1763 De
731 1723 907 1764 carmine
936 1723 1027 1775 ipso
1057 1724 1253 1775 proximis
1275 1726 1370 1776 post
1392 1737 1573 1777 pugnam
1595 1723 1806 1764 Plataeen-

428 1800 512 1830 sem
541 1782 640 1844 (75,
661 1790 708 1839 23
739 1789 826 1829 479
864 1801 978 1830 mens
1010 1784 1239 1845 Septembr)
1276 1789 1526 1841 temporibus
1557 1788 1807 1842 adsignando

305 1863 402 1899 478?
432 1855 516 1895 fere
546 1855 803 1898 consentiunt
831 1848 945 1909 (post
969 1853 1233 1896 Salaminiam
1261 1868 1442 1908 pugnam
1473 1858 1566 1896 ante
1597 1855 1808 1896 Plataeen-

428 1933 513 1962 sem
543 1921 815 1973 conscriptum
846 1922 982 1962 censet
1011 1920 1171 1973 Mezger
1197 1912 1351 1973 Siegesi
1384 1915 1504 1976 354).
1560 1921 1634 1978 De.
1653 1921 1808 1962 duabus

433 1986 619 2027 Cleandri
649 1987 830 2027 victoriis
861 1999 888 2028 v
913 1987 941 2027 4
978 1985 1156 2027 laudatis
1193 1999 1339 2038 parum
1375 1988 1550 2026 constat:
1594 1989 1810 2038 utramque

429 2053 469 2094 ol
509 2053 578 2104 75,
611 2054 637 2092 2
682 2047 865 2107 (Nemeis
903 2054 990 2094 479
1029 2052 1143 2092 brevi
1181 2053 1274 2093 ante
1307 2065 1488 2104 pugnam
1518 2051 1810 2103 Plataeensem,

429 2118 610 2160 Isthmiis
641 2113 752 2179 478)
781 2120 944 2171 partam
973 2118 1074 2158 dicit
1103 2118 1256 2171 Bergk3
1291 2131 1366 2171 ego
1393 2117 1655 2158 Isthmiacum
1686 2117 1810 2159 altius

429 2185 568 2238 paullo
598 2184 859 2237 repetendam
889 2196 975 2225 esse
1006 2183 1122 2235 duco,
1151 2196 1234 2225 non
1265 2196 1345 2236 quo
1375 2183 1588 2224 victoriam
1610 2183 1724 2235 prius
1748 2195 1809 2223 re·

429 2253 635 2303 portatam
663 2251 885 2303 posteriore
913 2251 1001 2292 loco
1027 2263 1337 2291 commemorare
1368 2263 1450 2290 non
1479 2250 1660 2302 potuerit
1687 2250 1810 2301 poeta

435 2320 508 2358 aut
537 2330 617 2369 quo
649 2316 912 2358 Isthmiacum
943 2317 1038 2357 anni
1069 2317 1156 2357 478
1198 2316 1241 2356 in
1271 2316 1481 2369 pancratio
1517 2315 1637 2356 decus
1674 2315 1809 2355 adule-

430 2384 557 2425 scenti
589 2383 779 2424 Olearoho
815 2383 1069 2436 praeceperit
1104 2383 1290 2424 Melissus
1327 2383 1390 2423 vir
1434 2376 1476 2436 (1
1513 2381 1591 2432 IV3
1635 2382 1678 2421 cf
1708 2381 1812 2422 Gust

430 2449 585 2503 Herbig
614 2450 659 2490 in
686 2449 916 2491 Gommentt
938 2449 1084 2502 philoll
1110 2450 1238 2491 semin
1260 2448 1349 2501 phil
1373 2448 1518 2488 Monac
1539 2447 1669 2498 1891,
1691 2442 1811 2503 141),

433 2515 503 2557 sed
534 2516 630 2567 quia
658 2518 802 2567 poetae
834 2517 991 2556 animus
1017 2516 1196 2569 graviter
1222 2514 1395 2556 afflictus
1420 2508 1467 2569 (5
1489 2508 1548 2569 ss)
1574 2525 1811 2554 coronarum

432 2594 514 2622 non
550 2583 644 2632 post
682 2575 912 2635 (tamquam
946 2579 1096 2622 εὐδίαν
1128 2579 1176 2622 ἐκ
1207 2580 1419 2631 χειμῶνος
1449 2579 1471 2619 Ι
1501 2579 1583 2619 VII
1609 2574 1704 2634 38),
1742 2577 1815 2619 sed·

435 2648 530 2686 ante
561 2645 716 2686 cladem
746 2646 980 2687 Thebanam
1011 2647 1062 2687 ab
1093 2647 1303 2701 Aeginetis
1336 2648 1547 2698 partarum
1576 2646 1811 2685 memoriam

435 2711 655 2751 amicorum
690 2713 838 2763 rogatu
872 2712 1048 2761 recolere
1085 2712 1256 2752 videtur.
1319 2711 1526 2764 Gymnicis
1565 2713 1699 2751 autem
1730 2723 1812 2751 cer-

399 2791 405 2794 ··
435 2776 654 2816 taminibus
694 2776 892 2817 severiore
932 2776 1107 2827 quodam
1143 2766 1321 2817 instante
1359 2777 1576 2817 certamine
1615 2776 1811 2817 imberbes

438 2836 497 2896 (N
526 2841 577 2892 V,
606 2842 629 2881 I
658 2841 728 2882 VI.
754 2841 803 2881 V.
829 2836 952 2897 vm)
993 2854 1115 2893 quam
1154 2842 1262 2882 viros
1303 2841 1464 2882 studere
1505 2842 1696 2882 maluisse
1732 2854 1814 2883 non

439 2921 596 2948 nurum.
