2014 3360
1332 110 1352 127 Q

279 199 367 243 438
811 199 1016 236 PINDARI
1040 199 1347 236 FRAGMENTA

349 308 555 365 *hruxpdv
587 312 786 363 φορεῖται
819 312 959 353 πᾶςαν
991 309 1098 354 ὁδὸν
1123 287 1338 364 ’θεραπεύ-

689 395 774 450 ων..
795 380 890 425 ἀλλ’
922 381 1011 434 ἐγὼ
1042 384 1144 442 egit
1177 382 1293 426 ἕκατι
1325 383 1453 436 κηρὸς
1484 382 1544 426 ὣς
1575 383 1748 436 δαχθεὶς
1779 384 1858 441 ἕλᾳ

349 513 446 566 ἱρᾶν
478 514 674 565 μελιςςᾶν
705 512 895 566 τάκομαι,
929 511 1015 556 εὖτ’
1047 513 1101 556 ἂν
1132 512 1213 556 ἴδω
1790 455 1857 499 ἐπ’

351 585 509 642 παιδὸς
537 583 738 635 νεόγυιον
769 584 814 627 ἐς
844 585 972 638 ἥβαν·
1004 585 1054 628 ἐν
1084 583 1123 628 δ’
1155 583 1238 638 ἄρα
1269 585 1338 628 καὶ
1369 585 1541 640 Τενέδῳ

349 656 496 700 Πειθώ
527 653 565 698 τ’
598 655 741 699 ἔναιεν
772 656 841 699 καὶ
874 655 1002 708 Χάρις
1034 656 1129 699 υἱὸν
1160 654 1205 713 (υ
1217 653 1284 713 -)
1314 655 1522 709 Ἁγηςίλα.

280 761 378 807 dita:
404 763 529 806 ψυχὰν
556 760 773 806 Schneider,
805 771 880 807 quo
905 763 1057 808 recepto
1090 760 1156 796 ‘ad
1187 760 1387 797 mulierum
1412 760 1591 798 obnoxios
1617 762 1779 799 cultores
1804 773 1862 799 re·

278 809 369 846 ferri
406 808 569 845 videtur'
609 809 774 854 Boeckh,
815 808 967 845 ‘servire
1004 808 1226 845 mulieribus
1264 810 1364 853 (eum
1395 808 1516 856 dicit)’
1557 809 1748 846 Hermann
1785 822 1863 858 opp

280 857 367 893 VIII
393 860 450 902 88,
477 856 651 893 similiter
678 858 908 904 (θεραπεύων
941 856 1010 892 scil
1041 858 1232 903 γυναῖκας)
1264 856 1491 892 Herwerden
1521 856 1645 893 Pindd
1664 861 1727 904 313
1767 859 1862 894 ‘mu-

279 905 391 942 liebri
422 904 661 951 impudentia
691 904 823 940 tritam
848 906 1014 950 (ψηχρὰν
1041 905 1112 952 scr)
1145 904 1316 949 quamvis
1350 903 1450 940 viam
1473 915 1702 950 persequens
1726 905 1860 943 fertur'

279 953 405 1000 Bergk
430 953 520 988 Actt
552 963 616 988 soc
645 964 691 999 gr
709 952 727 988 1
752 954 875 1000 (1836)
903 956 989 997 198,
1021 953 1170 998 αἰςχρὰν
1201 957 1373 997 φορεῖται
1410 952 1556 988 Ahrens
1580 952 1622 988 kl
1646 953 1739 989 Schr
1762 954 1781 989 I
1805 957 1864 1000 57,
1931 957 1934 959 ’

279 1004 303 1045 ἢ
329 1001 542 1045 γυναικείαν
568 1002 691 1045 Θραςεὶ
713 1003 720 1047 1
741 1002 867 1045 ψυχὰν
888 1029 896 1037 .
965 1001 1184 1044 θεραπεύων
1210 999 1365 1054 Bergk⁴,
1395 1003 1418 1046 ἢ
1450 1002 1672 1043 γυναικείοις
1704 1002 1863 1047 φραςίνῖ

281 1048 436 1094 Kaibel,
480 1047 590 1093 quasi
632 1058 719 1084 vero
765 1047 812 1084 de
854 1047 1093 1094 impudentia
1130 1046 1307 1083 muliebn
1343 1058 1418 1084 non
1456 1049 1602 1084 constet
1643 1047 1722 1085 fere
1764 1049 1865 1086 inter

281 1097 454 1134 homines
499 1094 682 1141 Graecos,
725 1097 862 1140 ςύρδαν
905 1101 1078 1141 φορεῖται
1135 1095 1222 1132 oder
1258 1105 1357 1132 maes
1397 1095 1500 1140 frech
1541 1098 1608 1133 wie
1650 1098 1711 1133 ein
1758 1097 1864 1134 Weib

278 1145 369 1181 elles
405 1145 498 1181 ohne
536 1138 774 1181 Unterschied
809 1143 974 1190 uelamen)
1013 1143 1060 1179 de
1148 1142 1353 1179 ilamowitz
1386 1142 1543 1191 Gotting
1578 1143 1726 1180 Nachrr
1752 1148 1863 1190 1898,

280 1193 570 1237 234ῑ,,βληχρὰν
595 1195 768 1237 φορεῖται
797 1190 988 1229 ‘muliebri
1012 1190 1247 1238 procacitate
1265 1190 1431 1228 inaniter
1448 1191 1617 1238 trepidat
1641 1193 1756 1238 atque
1776 1202 1864 1229 con-

281 1241 408 1276 cursat
434 1239 560 1276 officia
586 1249 771 1285 curasque
797 1237 994 1276 affectans’
1023 1238 1168 1275 conicio
1266 1238 1339 1286 fil?
1367 1240 1443 1283 ἐγὼ
1469 1241 1661 1276 δεκατιτας
1679 1252 1794 1286 κηρος
1812 1242 1865 1278 ὣς

282 1290 428 1333 δαχθεὶς
454 1288 612 1332 ἑλεηρὰν
637 1288 803 1331 μέλιςςαν
828 1289 876 1332 Α,
903 1289 1071 1332 ἑλειηρᾶν
1099 1286 1377 1333 (palustrium?)
1409 1289 1570 1330 μελιςςᾶν
1595 1286 1788 1324 Hermann
1813 1299 1864 1336 ap

279 1335 401 1382 Heyn,
427 1333 504 1380 ἐγώ
523 1334 681 1383 (ὥρας)
696 1337 798 1371 ἕκατι
819 1339 884 1371 τᾶς
898 1333 1132 1383 <ποθεινᾶς>
1145 1335 1259 1380 κηρὸς
1277 1335 1329 1371 ὣς
1346 1336 1360 1381 Β
1377 1333 1545 1380 (ineunte
1565 1335 1699 1382 epodo)
1718 1337 1865 1380 δαχθεὶς

280 1385 456 1429 ἐλαιηρὰν
489 1383 654 1427 μελιςςᾶν
685 1381 856 1427 Boeckh,
897 1383 1081 1427 ...κηρὸς
1110 1383 1162 1419 ὣς
1194 1383 1340 1425 δαχθεὶς
1364 1384 1430 1429 ἕλᾳ
1450 1384 1456 1429 Ι
1478 1384 1561 1428 ὶρᾶν
1586 1386 1750 1427 μελιςςᾱν
1776 1383 1865 1430 (¹'uti

282 1441 368 1468 cera
394 1442 508 1478 apum
535 1432 752 1467 sanctarum
770 1432 876 1466 tacta
901 1429 993 1466 sole'
1021 1429 1285 1466 emendatione
1310 1429 1486 1476 palmari)
1505 1429 1631 1478 Bergk
1658 1434 1762 1476 1836,
1787 1433 1865 1475 ἐγὼ

279 1480 383 1516 τᾶςδ’
408 1482 511 1516 ἕκατι
537 1478 664 1514 cetera
689 1489 709 1514 c
733 1477 900 1525 Bergkio
917 1477 1110 1514 Hermann
1130 1488 1206 1524 opp
1225 1477 1311 1514 VIH
1330 1481 1388 1523 89,
1413 1477 1598 1514 facillima.
1623 1478 1865 1525 correctione,

278 1526 354 1563 m‘si
384 1530 495 1564 τᾶςδε
526 1526 766 1574 (Ἀφροδίτας
784 1528 821 1568 4)
853 1525 1067 1562 scaenicum
1097 1526 1220 1572 magis
1259 1525 1408 1562 deceret
1445 1528 1597 1572 poetam
1629 1538 1743 1572 quam
1776 1525 1864 1563 Pin-

280 1575 425 1619 darum,
451 1576 527 1618 ἐγὼ
548 1578 636 1622 θεᾷ(
654 1576 758 1610 ἕκατι
779 1575 856 1610 cett
875 1585 896 1609 c
908 1572 1073 1620 Bergkio
1091 1572 1382 1619 Schneidewin²‚
1401 1573 1440 1610 in
1460 1585 1534 1620 quo
1549 1574 1864 1620 acquiescendum

279 1622 389 1667 duce,
422 1633 511 1658 nam
542 1627 611 1659 τᾶς
643 1620 830 1659 contrario
856 1621 1023 1668 quodam
1052 1620 1144 1657 vitio
1177 1632 1221 1657 ac
1251 1624 1360 1658 τᾶςδε
1384 1621 1644 1658 laboraturum
1669 1633 1750 1659 esse
1776 1633 1864 1659 con-

279 1669 436 1707 cesseris
462 1669 511 1706 cll
536 1669 568 1706 Ο
587 1670 623 1705 Π
649 1673 705 1705 78.
732 1668 802 1705 VII
822 1673 868 1705 20
889 1670 1045 1716 (τοῑςιν),
1069 1670 1144 1712 ἐγὼ
1163 1673 1235 1706 πᾶς
1260 1671 1362 1706 δέατι
1381 1670 1525 1717 Bergk⁴
1596 1671 1756 1715 τήκομαι
1775 1670 1864 1716 Ath,

280 1729 364 1755 corr
387 1717 541 1754 Boeckh
665 1716 689 1754 8
714 1718 860 1754 παίδων
884 1716 974 1762 Ath,
1004 1718 1136 1753 παιδὸς
1161 1717 1295 1763 scripsi
1321 1716 1400 1753 sine
1425 1717 1506 1753 ulla
1531 1718 1768 1755 dubitatione

278 1769 375 1810 ἥβην
402 1765 490 1810 Ath,
517 1776 600 1801 corr
624 1764 776 1800 Boeckh
825 1767 969 1801 τονεδω
990 1765 1037 1809 Α,
1064 1775 1146 1800 corr
1170 1765 1345 1800 Musurus
1417 1765 1444 1801 9
1468 1777 1510 1802 τε
1534 1767 1628 1802 ναίει
1647 1765 1864 1812 Schneider,

281 1814 329 1849 de
354 1813 536 1860 temporis
562 1811 703 1859 imperf
723 1812 957 1859 proprietate
981 1814 1084 1849 recte
1108 1812 1257 1849 monuit
1282 1812 1554 1859 Schneidewin,
1580 1813 1620 1850 ὲν
1647 1816 1681 1850 δ’
1706 1816 1779 1859 ἄρα
1804 1817 1865 1850 καὶ

282 1860 506 1907 (iuventam
539 1871 625 1896 eum
657 1859 818 1896 aliorum
849 1860 1027 1909 [παίδων]
1058 1862 1143 1895 tum>
1172 1860 1252 1896 eius
1279 1861 1439 1907 quem'),
1457 1863 1605 1905 Τενέδῳ
1636 1863 1764 1898 Πειθὼ
1795 1863 1864 1898 τὸν

280 1911 371 1952 ἆγεν
391 1908 538 1944 Ahrens
562 1907 604 1943 kl
630 1907 723 1944 Schr
743 1908 759 1943 I
779 1911 844 1953 57,
868 1909 995 1945 Πειθώ
1019 1909 1055 1944 τ’
1079 1910 1219 1952 ἀνᾶγεν
1244 1908 1436 1945 Hermann
1461 1919 1536 1956 opp
1550 1908 1635 1945 VIII
1648 1913 1706 1954 89,
1730 1910 1859 1946 Πειθώ

285 1968 328 1994 τε
351 1957 439 1993 νέον
461 1958 468 2001 1
490 1968 522 1992 κ.
549 1957 587 1992 Χ.
615 1956 698 1993 υἱὸν
723 1954 892 2004 (ἀνᾶγ’)
920 1956 1090 2002 Ἀγηςίλα
1113 1955 1259 2003 Bergk⁴

811 2111 812 2114 ,
854 2064 1000 2109 *124⁸-
1020 2064 1040 2090 ¹²
1059 2065 1149 2125 (89.
1181 2066 1291 2126 239)

353 2212 1254 2233 ----------------

356 2272 1255 2293 ————————————————

405 2325 483 2362 Ath
501 2325 553 2362 Xl
571 2326 675 2374 4800:
708 2329 769 2364 καὶ
799 2331 878 2364 τῶν
910 2330 977 2373 μὲν
1007 2331 1171 2365 ἀττικῶν
1201 2329 1391 2376 (κυλίκων)
1423 2328 1645 2373 μνημονεύει
1674 2327 1864 2371 Πίνδαρος

281 2375 321 2410 ἐν
353 2376 491 2410 τοῖςδε·
530 2375 876 2419 ῶθραςύβουΐ
901 2404 910 2412 .
931 2404 940 2413 .
961 2404 969 2412 .
1001 2377 1204 2422 κέντρον.
1261 2376 1447 2413 Continuo
1488 2373 1684 2411 subiunxit
1716 2373 1752 2408 fr
1779 2377 1864 2409 124⁰

282 2421 372 2469 (Ath
397 2420 485 2457 XIV
509 2420 614 2467 sub)
638 2421 784 2470 Bergk,
821 2423 923 2468 quod
947 2435 995 2460 ne
1026 2426 1109 2460 tum
1140 2424 1294 2471 quidem
1325 2423 1466 2471 sprevit
1489 2423 1546 2459 vir
1570 2433 1592 2458 o
1619 2421 1747 2466 timus,
1778 2431 1864 2457 cum

285 2468 462 2506 carminis
489 2469 685 2516 stropham
709 2469 915 2507 certissime
941 2471 1140 2509 constituit
1168 2471 1263 2508 Frdr
1287 2471 1396 2508 Blass
1421 2470 1544 2506 Rbein
1608 2480 1653 2505 us
1673 2471 1731 2514 19,
1757 2471 1862 2512 1864,

283 2520 353 2554 306
379 2516 523 2553 vocatis
548 2517 622 2554 huc
656 2517 824 2555 versibus
856 2531 949 2565 quos
982 2519 1085 2556 idern
1107 2519 1326 2557 Athenaeus
1352 2517 1504 2555 exhibet
1527 2517 1578 2553 XI
1599 2516 1688 2552 882·i
1713 2515 1788 2562 (vol
1811 2515 1864 2552 111

282 2577 309 2612 p
330 2568 374 2601 19
394 2564 525 2611 Kaib):
552 2566 664 2602 ἁνίκ’
688 2567 942 2611 ἀνθρώπων
970 2596 1002 2604 ..
1018 2598 1026 2605 .
1051 2569 1358 2604 πλουτέοντες
1382 2567 1421 2602 et
1441 2566 1522 2609 (εἶτ’
1546 2565 1688 2610 ἐπάγει)
1707 2564 1863 2600 ἀέξον-

282 2625 356 2649 ται
384 2642 392 2649 .
415 2641 422 2647 .
444 2641 452 2649 .
480 2613 708 2657 δαμέντες.
760 2613 855 2651 Sunt
886 2615 986 2651 enim
1015 2616 1136 2652 metro
1174 2625 1250 2651 non
1282 2613 1426 2650 ‘simili’
1461 2614 1506 2648 ut
1536 2611 1592 2647 ait
1621 2610 1766 2657 Bergk,
1796 2611 1863 2647 sed

281 2660 399 2706 plane
422 2660 572 2706 eodem,
603 2672 674 2698 nec
697 2661 876 2708 displicet
900 2663 1130 2700 continuatis
1155 2660 1379 2710 fragmentis
1403 2660 1499 2696 ἁνίκ’
1523 2660 1734 2704 ἀνθρώπων
1761 2658 1863 2694 ‘cum

284 2708 334 2743 ad
359 2718 445 2744 eam
468 2707 702 2745 hilaritatem
726 2710 897 2747 venerint
921 2710 1098 2748 convivae
1122 2710 1192 2754 tui,
1217 2719 1294 2755 qua
1317 2706 1460 2755 perfusi
1484 2706 1672 2743 homines.
1689 2736 1696 2742 .
1713 2706 1736 2742 .'
1787 2705 1863 2743 Res

281 2757 490 2802 propterea
514 2757 696 2803 gravioris
726 2759 909 2795 momenti
939 2761 1013 2803 est,
1051 2758 1153 2803 quod
1190 2757 1311 2792 altero
1344 2755 1557 2802 fragmento
1587 2753 1694 2789 nulla
1724 2752 1863 2790 lacuna.

283 2802 483 2839 subiuncto
503 2804 715 2842 excluditur
733 2806 883 2852 epodus
890 2806 939 2854 (fr
947 2807 1058 2853 1240),
1071 2805 1145 2841 nisi
1157 2804 1256 2841 forte
1268 2803 1380 2839 unius
1399 2802 1509 2848 quasi
1520 2801 1668 2847 periodi
1687 2800 1860 2847 strophas

283 2861 364 2886 esse
396 2851 549 2898 statuis,
579 2855 624 2889 ut
654 2853 768 2890 verba
800 2853 963 2909 δεί[πνου
992 2882 999 2889 .
1022 2882 1029 2889 .
1052 2882 1059 2888 .
1086 2852 1271 2900 ἄφθοΙνον
1303 2852 1418 2895 βοράν
1453 2849 1622 2904 medium
1651 2850 1706 2884 str
1735 2848 1861 2903 locum

282 2900 454 2945 teneant3
487 2900 534 2936 de
558 2900 825 2937 minutioribus
857 2903 1015 2939 istorum
1040 2898 1249 2937 carminum
1273 2897 1436 2944 strophis
1460 2896 1586 2944 Bergk
1611 2907 1692 2943 ipse
1716 2907 1861 2942 primus

281 2947 382 2983 recte
406 2947 590 2985 iudicavit
615 2949 665 2985 ad
689 2948 726 2984 fr
740 2952 819 2985 122.
