<?xml version="1.0" encoding="UTF-8"?>
<!DOCTYPE html PUBLIC "-//W3C//DTD XHTML 1.0 Transitional//EN"
    "http://www.w3.org/TR/xhtml1/DTD/xhtml1-transitional.dtd">
<html xmlns="http://www.w3.org/1999/xhtml" xml:lang="en" lang="en">
 <head>
  <title>
</title>
<meta http-equiv="Content-Type" content="text/html;charset=utf-8" />
  <meta name='ocr-system' content='tesseract 3.04.00' />
  <meta name='ocr-capabilities' content='ocr_page ocr_carea ocr_par ocr_line ocrx_word'/>
</head>
<body>
  <div class='ocr_page' id='page_1' title='image "./pt1poetaelyricig01berguoft/pt1poetaelyricig01berguoft_0245.png"; bbox 0 0 2014 3360; ppageno 0'>
   <div class='ocr_carea' id='block_1_1' title="bbox 836 231 1757 277">
    <p class='ocr_par' dir='ltr' id='par_1_1' title="bbox 836 231 1757 277">
     <span class='ocr_line' id='line_1_1' title="bbox 836 231 1757 277; baseline 0.01 -9"><span class='ocrx_word' id='word_1_1' title='bbox 836 231 1020 269; x_wconf 80' lang='lat' dir='ltr'><strong>PYTHIA</strong></span> <span class='ocrx_word' id='word_1_2' title='bbox 1044 231 1113 270; x_wconf 82' lang='lat' dir='ltr'><strong>VH</strong></span> <span class='ocrx_word' id='word_1_3' title='bbox 1669 232 1757 277; x_wconf 74' lang='lat'><strong>237</strong></span> 
     </span>
    </p>
   </div>
   <div class='ocr_carea' id='block_1_2' title="bbox 215 343 680 467">
    <p class='ocr_par' dir='ltr' id='par_1_2' title="bbox 215 343 680 467">
     <span class='ocr_line' id='line_1_2' title="bbox 215 343 603 398; baseline 0 -10"><span class='ocrx_word' id='word_1_4' title='bbox 215 354 236 388; x_wconf 76' lang='grc' dir='ltr'><em>ἰ</em></span> <span class='ocrx_word' id='word_1_5' title='bbox 262 343 603 398; x_wconf 84' lang='grc' dir='ltr'>ἐπιφανέςτερον</span> 
     </span>
     <span class='ocr_line' id='line_1_3' title="bbox 259 414 680 467; baseline 0 -8"><span class='ocrx_word' id='word_1_6' title='bbox 259 414 427 459; x_wconf 69' lang='grc' dir='ltr'>Ἐλλάδι</span> <span class='ocrx_word' id='word_1_7' title='bbox 457 416 680 467; x_wconf 81' lang='grc' dir='ltr'>πυθέςθαι;</span> 
     </span>
    </p>
   </div>
   <div class='ocr_carea' id='block_1_3' title="bbox 262 486 1757 600">
    <p class='ocr_par' dir='ltr' id='par_1_3' title="bbox 262 486 1757 600">
     <span class='ocr_line' id='line_1_4' title="bbox 262 486 1757 600; baseline -0.001 -11"><span class='ocrx_word' id='word_1_8' title='bbox 262 545 430 590; x_wconf 87' lang='grc' dir='ltr'>πάςαιςι</span> <span class='ocrx_word' id='word_1_9' title='bbox 460 547 542 600; x_wconf 86' lang='grc' dir='ltr'><strong>γὰρ</strong></span> <span class='ocrx_word' id='word_1_10' title='bbox 573 546 738 590; x_wconf 85' lang='grc' dir='ltr'>πολίεςι</span> <span class='ocrx_word' id='word_1_11' title='bbox 769 545 900 598; x_wconf 85' lang='grc' dir='ltr'>λόγος</span> <span class='ocrx_word' id='word_1_12' title='bbox 931 544 1070 599; x_wconf 86' lang='grc' dir='ltr'>ὁμιλεῖ</span> <span class='ocrx_word' id='word_1_13' title='bbox 1666 486 1757 531; x_wconf 49' lang='grc' dir='ltr'><strong>ἀπ’</strong></span> 
     </span>
    </p>
   </div>
   <div class='ocr_carea' id='block_1_4' title="bbox 190 615 1758 672">
    <p class='ocr_par' dir='ltr' id='par_1_4' title="bbox 190 615 1758 672">
     <span class='ocr_line' id='line_1_5' title="bbox 190 615 1758 672; baseline 0.001 -13"><span class='ocrx_word' id='word_1_14' title='bbox 190 627 236 660; x_wconf 86' lang='lat'><strong>10</strong></span> <span class='ocrx_word' id='word_1_15' title='bbox 261 615 483 671; x_wconf 73' lang='grc' dir='ltr'>Ἐρεχθέος</span> <span class='ocrx_word' id='word_1_16' title='bbox 513 617 665 672; x_wconf 81' lang='grc' dir='ltr'>ἀετῶν,</span> <span class='ocrx_word' id='word_1_17' title='bbox 695 616 926 671; x_wconf 83' lang='grc' dir='ltr'>Ἄπολλον,</span> <span class='ocrx_word' id='word_1_18' title='bbox 957 616 999 660; x_wconf 76' lang='grc' dir='ltr'>οἳ</span> <span class='ocrx_word' id='word_1_19' title='bbox 1030 616 1132 660; x_wconf 85' lang='grc' dir='ltr'>τεὸν</span> <span class='ocrx_word' id='word_1_20' title='bbox 1162 616 1386 671; x_wconf 88' lang='grc' dir='ltr'>πρόδομον</span> <span class='ocrx_word' id='word_1_21' title='bbox 1532 634 1537 637; x_wconf 62' lang='grc'>’</span> <span class='ocrx_word' id='word_1_22' title='bbox 1712 627 1758 660; x_wconf 84' lang='grc' dir='ltr'>ιο</span> 
     </span>
    </p>
   </div>
   <div class='ocr_carea' id='block_1_5' title="bbox 183 768 1761 3016">
    <p class='ocr_par' dir='ltr' id='par_1_5' title="bbox 183 768 1761 3016">
     <span class='ocr_line' id='line_1_6' title="bbox 189 768 1759 819; baseline 0.001 -13"><span class='ocrx_word' id='word_1_23' title='bbox 189 769 269 806; x_wconf 87' lang='lat' dir='ltr'><strong>cuit</strong></span> <span class='ocrx_word' id='word_1_24' title='bbox 291 769 364 807; x_wconf 89' lang='lat' dir='ltr'><strong>Ber</strong></span> <span class='ocrx_word' id='word_1_25' title='bbox 390 770 491 816; x_wconf 80' lang='lat' dir='ltr'><strong>kio¹;</strong></span> <span class='ocrx_word' id='word_1_26' title='bbox 528 771 613 808; x_wconf 89' lang='grc' dir='ltr'>τίνα</span> <span class='ocrx_word' id='word_1_27' title='bbox 643 772 749 808; x_wconf 79' lang='grc' dir='ltr'>οἶκον</span> <span class='ocrx_word' id='word_1_28' title='bbox 778 768 931 806; x_wconf 85' lang='lat' dir='ltr'><strong>Boeckh</strong></span> <span class='ocrx_word' id='word_1_29' title='bbox 1001 769 1119 806; x_wconf 85' lang='grc' dir='ltr'>ναίων</span> <span class='ocrx_word' id='word_1_30' title='bbox 1148 768 1255 816; x_wconf 87' lang='lat' dir='ltr'><strong>libri,</strong></span> <span class='ocrx_word' id='word_1_31' title='bbox 1285 768 1389 807; x_wconf 89' lang='lat' dir='ltr'><strong>idem</strong></span> <span class='ocrx_word' id='word_1_32' title='bbox 1417 769 1514 819; x_wconf 77' lang='lat' dir='ltr'><strong>legit</strong></span> <span class='ocrx_word' id='word_1_33' title='bbox 1535 770 1759 817; x_wconf 84' lang='lat' dir='ltr'><strong>Apollonius</strong></span> 
     </span>
     <span class='ocr_line' id='line_1_7' title="bbox 186 783 1759 866; baseline 0.002 -12"><span class='ocrx_word' id='word_1_34' title='bbox 186 818 264 866; x_wconf 88' lang='lat' dir='ltr'><strong>(sec</strong></span> <span class='ocrx_word' id='word_1_35' title='bbox 289 783 391 855; x_wconf 56' lang='lat' dir='ltr'><strong>codg</strong></span> <span class='ocrx_word' id='word_1_36' title='bbox 411 818 501 864; x_wconf 68' lang='lat' dir='ltr'><strong>Da,</strong></span> <span class='ocrx_word' id='word_1_37' title='bbox 526 818 710 865; x_wconf 75' lang='lat' dir='ltr'><strong>Didymus</strong></span> <span class='ocrx_word' id='word_1_38' title='bbox 735 828 797 855; x_wconf 90' lang='lat' dir='ltr'><strong>sec</strong></span> <span class='ocrx_word' id='word_1_39' title='bbox 822 819 912 865; x_wconf 88' lang='lat' dir='ltr'><strong>cett)</strong></span> <span class='ocrx_word' id='word_1_40' title='bbox 936 817 1005 854; x_wconf 85' lang='grc' dir='ltr'>οὐκ</span> <span class='ocrx_word' id='word_1_41' title='bbox 1029 818 1066 854; x_wconf 82' lang='grc' dir='ltr'><strong>ἐξ</strong></span> <span class='ocrx_word' id='word_1_42' title='bbox 1091 817 1206 863; x_wconf 82' lang='grc' dir='ltr'>ἀκοῆς</span> <span class='ocrx_word' id='word_1_43' title='bbox 1229 818 1417 865; x_wconf 82' lang='grc' dir='ltr'>ἀκηκοώς,</span> <span class='ocrx_word' id='word_1_44' title='bbox 1442 820 1522 857; x_wconf 80' lang='grc' dir='ltr'>ἀλλ’</span> <span class='ocrx_word' id='word_1_45' title='bbox 1545 821 1661 857; x_wconf 77' lang='grc' dir='ltr'>αὐτὸς</span> <span class='ocrx_word' id='word_1_46' title='bbox 1683 820 1759 864; x_wconf 82' lang='grc' dir='ltr'><strong>ἐγὼ</strong></span> 
     </span>
     <span class='ocr_line' id='line_1_8' title="bbox 185 863 1759 914; baseline 0.001 -11"><span class='ocrx_word' id='word_1_47' title='bbox 185 866 304 903; x_wconf 83' lang='grc' dir='ltr'>ναίων</span> <span class='ocrx_word' id='word_1_48' title='bbox 317 867 358 904; x_wconf 83' lang='grc' dir='ltr'><strong>ὲν</strong></span> <span class='ocrx_word' id='word_1_49' title='bbox 369 871 417 913; x_wconf 73' lang='grc' dir='ltr'>τῇ</span> <span class='ocrx_word' id='word_1_50' title='bbox 433 868 574 904; x_wconf 83' lang='grc' dir='ltr'>Ἑλλάδι</span> <span class='ocrx_word' id='word_1_51' title='bbox 586 864 868 914; x_wconf 84' lang='lat' dir='ltr'><strong>interpretatus,</strong></span> <span class='ocrx_word' id='word_1_52' title='bbox 881 864 949 902; x_wconf 81' lang='lat' dir='ltr'><strong>alii</strong></span> <span class='ocrx_word' id='word_1_53' title='bbox 965 863 1145 913; x_wconf 80' lang='lat' dir='ltr'><strong>legebant</strong></span> <span class='ocrx_word' id='word_1_54' title='bbox 1157 865 1354 913; x_wconf 88' lang='grc' dir='ltr'>ναίοντ(α),</span> <span class='ocrx_word' id='word_1_55' title='bbox 1366 866 1501 903; x_wconf 81' lang='grc' dir='ltr'>τ’άίων</span> <span class='ocrx_word' id='word_1_56' title='bbox 1515 869 1574 912; x_wconf 83' lang='lat'><strong>(=</strong></span> <span class='ocrx_word' id='word_1_57' title='bbox 1582 868 1759 914; x_wconf 88' lang='grc' dir='ltr'>ἀκούων),</span> 
     </span>
     <span class='ocr_line' id='line_1_9' title="bbox 186 912 1760 962; baseline 0.001 -12"><span class='ocrx_word' id='word_1_58' title='bbox 186 913 340 961; x_wconf 76' lang='grc' dir='ltr'>αἰῶν(ι);</span> <span class='ocrx_word' id='word_1_59' title='bbox 371 915 410 950; x_wconf 86' lang='lat' dir='ltr'><strong>et</strong></span> <span class='ocrx_word' id='word_1_60' title='bbox 439 915 624 962; x_wconf 88' lang='grc' dir='ltr'>ναίοντ(α)</span> <span class='ocrx_word' id='word_1_61' title='bbox 655 913 911 951; x_wconf 74' lang='lat' dir='ltr'><strong>defendebant</strong></span> <span class='ocrx_word' id='word_1_62' title='bbox 940 912 1149 958; x_wconf 85' lang='lat' dir='ltr'><strong>Hermann,</strong></span> <span class='ocrx_word' id='word_1_63' title='bbox 1179 912 1350 961; x_wconf 85' lang='lat' dir='ltr'><strong>Boeckh,</strong></span> <span class='ocrx_word' id='word_1_64' title='bbox 1380 913 1447 950; x_wconf 89' lang='lat' dir='ltr'><strong>ille</strong></span> <span class='ocrx_word' id='word_1_65' title='bbox 1469 917 1667 958; x_wconf 85' lang='grc' dir='ltr'>ναιόμενον</span> <span class='ocrx_word' id='word_1_66' title='bbox 1697 925 1760 952; x_wconf 82' lang='lat' dir='ltr'><strong>ex-</strong></span> 
     </span>
     <span class='ocr_line' id='line_1_10' title="bbox 186 960 1759 1009; baseline 0.003 -12"><span class='ocrx_word' id='word_1_67' title='bbox 186 971 330 1007; x_wconf 80' lang='lat' dir='ltr'><strong>ponens</strong></span> <span class='ocrx_word' id='word_1_68' title='bbox 391 962 512 999; x_wconf 83' lang='lat' dir='ltr'><strong>assive</strong></span> <span class='ocrx_word' id='word_1_69' title='bbox 528 992 538 1008; x_wconf 84' lang='lat'><strong>,</strong></span> <span class='ocrx_word' id='word_1_70' title='bbox 556 962 620 999; x_wconf 87' lang='lat' dir='ltr'><strong>hic</strong></span> <span class='ocrx_word' id='word_1_71' title='bbox 638 961 894 999; x_wconf 82' lang='lat' dir='ltr'><strong>habitatorem</strong></span> <span class='ocrx_word' id='word_1_72' title='bbox 911 962 970 1009; x_wconf 58' lang='grc' dir='ltr'><strong>(ει</strong></span> <span class='ocrx_word' id='word_1_73' title='bbox 990 960 1094 997; x_wconf 88' lang='lat' dir='ltr'><strong>schol</strong></span> <span class='ocrx_word' id='word_1_74' title='bbox 1111 965 1132 1006; x_wconf 64' lang='lat' dir='ltr'>g</span> <span class='ocrx_word' id='word_1_75' title='bbox 1146 962 1183 1008; x_wconf 84' lang='lat'><strong>2)</strong></span> <span class='ocrx_word' id='word_1_76' title='bbox 1250 963 1430 1007; x_wconf 83' lang='grc' dir='ltr'>ὸνυμάξαι</span> <span class='ocrx_word' id='word_1_77' title='bbox 1442 962 1622 1009; x_wconf 76' lang='lat' dir='ltr'><strong>BDElV,</strong></span> <span class='ocrx_word' id='word_1_78' title='bbox 1640 964 1759 1008; x_wconf 79' lang='grc' dir='ltr'>-μάξω</span> 
     </span>
     <span class='ocr_line' id='line_1_11' title="bbox 185 1007 1759 1058; baseline 0.002 -13"><span class='ocrx_word' id='word_1_79' title='bbox 185 1008 228 1045; x_wconf 84' lang='grc' dir='ltr'><em>Ε</em></span> <span class='ocrx_word' id='word_1_80' title='bbox 249 1008 331 1045; x_wconf 75' lang='lat' dir='ltr'><strong>Mos</strong></span> <span class='ocrx_word' id='word_1_81' title='bbox 404 1012 487 1058; x_wconf 83' lang='grc' dir='ltr'><strong>(-ζω</strong></span> <span class='ocrx_word' id='word_1_82' title='bbox 578 1011 604 1058; x_wconf 93' lang='grc'>),</span> <span class='ocrx_word' id='word_1_83' title='bbox 628 1013 803 1056; x_wconf 83' lang='grc' dir='ltr'>-μάξομαι</span> <span class='ocrx_word' id='word_1_84' title='bbox 826 1009 927 1046; x_wconf 83' lang='lat' dir='ltr'><strong>Tricl</strong></span> <span class='ocrx_word' id='word_1_85' title='bbox 945 1022 965 1045; x_wconf 85' lang='grc' dir='ltr'>ο</span> <span class='ocrx_word' id='word_1_86' title='bbox 983 1010 1091 1056; x_wconf 81' lang='lat' dir='ltr'><strong>parte</strong></span> <span class='ocrx_word' id='word_1_87' title='bbox 1111 1007 1231 1045; x_wconf 84' lang='lat' dir='ltr'><strong>scholl</strong></span> <span class='ocrx_word' id='word_1_88' title='bbox 1249 1010 1339 1046; x_wconf 84' lang='lat' dir='ltr'><strong>vett.</strong></span> <span class='ocrx_word' id='word_1_89' title='bbox 1382 1009 1562 1047; x_wconf 76' lang='lat' dir='ltr'><strong>&#39;Pi-aditae</strong></span> <span class='ocrx_word' id='word_1_90' title='bbox 1585 1010 1759 1048; x_wconf 78' lang='lat' dir='ltr'><strong>lectionis</strong></span> 
     </span>
     <span class='ocr_line' id='line_1_12' title="bbox 183 1055 1759 1105; baseline 0.001 -12"><span class='ocrx_word' id='word_1_91' title='bbox 183 1057 303 1094; x_wconf 81' lang='grc' dir='ltr'>ναίων</span> <span class='ocrx_word' id='word_1_92' title='bbox 327 1057 592 1105; x_wconf 86' lang='lat' dir='ltr'><strong>interpretatio</strong></span> <span class='ocrx_word' id='word_1_93' title='bbox 617 1058 659 1095; x_wconf 92' lang='lat' dir='ltr'><strong>in</strong></span> <span class='ocrx_word' id='word_1_94' title='bbox 683 1058 836 1099; x_wconf 77' lang='lat' dir='ltr'>scholiis</span> <span class='ocrx_word' id='word_1_95' title='bbox 859 1057 1003 1096; x_wconf 82' lang='lat' dir='ltr'><strong>tradita</strong></span> <span class='ocrx_word' id='word_1_96' title='bbox 1027 1068 1112 1093; x_wconf 93' lang='lat' dir='ltr'><strong>cum</strong></span> <span class='ocrx_word' id='word_1_97' title='bbox 1135 1055 1326 1104; x_wconf 83' lang='lat' dir='ltr'><strong>plerisque</strong></span> <span class='ocrx_word' id='word_1_98' title='bbox 1357 1057 1576 1095; x_wconf 72' lang='lat' dir='ltr'><strong>satisfacere</strong></span> <span class='ocrx_word' id='word_1_99' title='bbox 1606 1069 1682 1095; x_wconf 90' lang='lat' dir='ltr'><strong>non</strong></span> <span class='ocrx_word' id='word_1_100' title='bbox 1706 1057 1759 1095; x_wconf 84' lang='lat' dir='ltr'><strong>vi-</strong></span> 
     </span>
     <span class='ocr_line' id='line_1_13' title="bbox 186 1104 1759 1154; baseline 0.003 -15"><span class='ocrx_word' id='word_1_101' title='bbox 186 1104 350 1151; x_wconf 85' lang='lat' dir='ltr'><strong>deretur,</strong></span> <span class='ocrx_word' id='word_1_102' title='bbox 376 1105 443 1142; x_wconf 86' lang='lat' dir='ltr'><strong>alii</strong></span> <span class='ocrx_word' id='word_1_103' title='bbox 468 1106 546 1143; x_wconf 86' lang='lat' dir='ltr'><strong>alia</strong></span> <span class='ocrx_word' id='word_1_104' title='bbox 563 1107 856 1154; x_wconf 84' lang='lat' dir='ltr'><strong>proposuerunt:</strong></span> <span class='ocrx_word' id='word_1_105' title='bbox 883 1105 1002 1152; x_wconf 88' lang='grc' dir='ltr'>μαίων</span> <span class='ocrx_word' id='word_1_106' title='bbox 1025 1104 1055 1153; x_wconf 88' lang='lat' dir='ltr'><strong>(i</strong></span> <span class='ocrx_word' id='word_1_107' title='bbox 1072 1115 1093 1142; x_wconf 85' lang='lat' dir='ltr'><strong>e</strong></span> <span class='ocrx_word' id='word_1_108' title='bbox 1112 1106 1296 1152; x_wconf 89' lang='grc' dir='ltr'>μώμενος)</span> <span class='ocrx_word' id='word_1_109' title='bbox 1314 1104 1442 1152; x_wconf 83' lang='lat' dir='ltr'><strong>Pauw,</strong></span> <span class='ocrx_word' id='word_1_110' title='bbox 1467 1108 1599 1144; x_wconf 81' lang='grc' dir='ltr'>κλείων</span> <span class='ocrx_word' id='word_1_111' title='bbox 1619 1109 1759 1154; x_wconf 81' lang='grc' dir='ltr'>(κλέον-</span> 
     </span>
     <span class='ocr_line' id='line_1_14' title="bbox 184 1151 1760 1203; baseline 0.002 -15"><span class='ocrx_word' id='word_1_112' title='bbox 184 1164 246 1189; x_wconf 87' lang='grc' dir='ltr'><strong>ται</strong></span> <span class='ocrx_word' id='word_1_113' title='bbox 265 1152 283 1188; x_wconf 96' lang='grc' dir='ltr'><strong>Ῑ</strong></span> <span class='ocrx_word' id='word_1_114' title='bbox 295 1151 330 1188; x_wconf 85' lang='lat' dir='ltr'><strong>V</strong></span> <span class='ocrx_word' id='word_1_115' title='bbox 343 1155 403 1201; x_wconf 87' lang='grc'>27)</span> <span class='ocrx_word' id='word_1_116' title='bbox 422 1153 615 1201; x_wconf 83' lang='lat' dir='ltr'><strong>Thiersch,</strong></span> <span class='ocrx_word' id='word_1_117' title='bbox 645 1158 747 1192; x_wconf 87' lang='grc' dir='ltr'>λαῶν</span> <span class='ocrx_word' id='word_1_118' title='bbox 765 1153 839 1203; x_wconf 83' lang='lat' dir='ltr'><strong>(vel</strong></span> <span class='ocrx_word' id='word_1_119' title='bbox 857 1154 1021 1200; x_wconf 85' lang='grc' dir='ltr'>θνατῶν)</span> <span class='ocrx_word' id='word_1_120' title='bbox 1039 1151 1312 1199; x_wconf 80' lang='lat' dir='ltr'><strong>Schneidewin,</strong></span> <span class='ocrx_word' id='word_1_121' title='bbox 1327 1154 1472 1200; x_wconf 61' lang='grc' dir='ltr'>,αἰνέων</span> <span class='ocrx_word' id='word_1_122' title='bbox 1490 1153 1635 1201; x_wconf 77' lang='lat' dir='ltr'><strong>Kayser</strong></span> <span class='ocrx_word' id='word_1_123' title='bbox 1646 1154 1760 1191; x_wconf 87' lang='lat' dir='ltr'><strong>Wien</strong></span> 
     </span>
     <span class='ocr_line' id='line_1_15' title="bbox 184 1199 1759 1250; baseline 0.002 -15"><span class='ocrx_word' id='word_1_124' title='bbox 184 1199 330 1236; x_wconf 84' lang='lat' dir='ltr'><strong>Jahrbb</strong></span> <span class='ocrx_word' id='word_1_125' title='bbox 358 1204 425 1238; x_wconf 79' lang='lat'><strong>105</strong></span> <span class='ocrx_word' id='word_1_126' title='bbox 467 1204 574 1250; x_wconf 80' lang='lat'>1844)</span> <span class='ocrx_word' id='word_1_127' title='bbox 598 1206 679 1249; x_wconf 92' lang='grc'>102,</span> <span class='ocrx_word' id='word_1_128' title='bbox 704 1205 810 1248; x_wconf 84' lang='grc' dir='ltr'>ὑμῶν</span> <span class='ocrx_word' id='word_1_129' title='bbox 828 1200 1000 1238; x_wconf 75' lang='lat' dir='ltr'><strong>Wolffiin</strong></span> <span class='ocrx_word' id='word_1_130' title='bbox 1017 1200 1143 1237; x_wconf 87' lang='lat' dir='ltr'><strong>Philol</strong></span> <span class='ocrx_word' id='word_1_131' title='bbox 1158 1199 1229 1237; x_wconf 84' lang='lat' dir='ltr'><strong>VH</strong></span> <span class='ocrx_word' id='word_1_132' title='bbox 1246 1201 1368 1249; x_wconf 80' lang='grc'>(1862)</span> <span class='ocrx_word' id='word_1_133' title='bbox 1394 1205 1482 1247; x_wconf 91' lang='grc'>210,</span> <span class='ocrx_word' id='word_1_134' title='bbox 1513 1204 1635 1248; x_wconf 86' lang='grc' dir='ltr'>ἔργοις</span> <span class='ocrx_word' id='word_1_135' title='bbox 1658 1202 1759 1239; x_wconf 84' lang='lat' dir='ltr'><strong>Rau-</strong></span> 
     </span>
     <span class='ocr_line' id='line_1_16' title="bbox 187 1247 1759 1298; baseline 0.002 -14"><span class='ocrx_word' id='word_1_136' title='bbox 187 1247 385 1285; x_wconf 82' lang='lat' dir='ltr'><strong>chenstein</strong></span> <span class='ocrx_word' id='word_1_137' title='bbox 408 1249 432 1285; x_wconf 89' lang='lat' dir='ltr'><strong>J</strong></span> <span class='ocrx_word' id='word_1_138' title='bbox 501 1249 553 1286; x_wconf 92' lang='lat' dir='ltr'><strong>bb</strong></span> <span class='ocrx_word' id='word_1_139' title='bbox 579 1250 677 1287; x_wconf 86' lang='lat' dir='ltr'><strong>class</strong></span> <span class='ocrx_word' id='word_1_140' title='bbox 701 1249 788 1287; x_wconf 86' lang='lat' dir='ltr'>Phil</span> <span class='ocrx_word' id='word_1_141' title='bbox 813 1253 858 1286; x_wconf 83' lang='grc'><strong>71</strong></span> <span class='ocrx_word' id='word_1_142' title='bbox 884 1250 1007 1298; x_wconf 76' lang='grc'>(1856)</span> <span class='ocrx_word' id='word_1_143' title='bbox 1030 1252 1112 1295; x_wconf 88' lang='grc'>280,</span> <span class='ocrx_word' id='word_1_144' title='bbox 1135 1251 1286 1286; x_wconf 75' lang='grc' dir='ltr'>νικῶντ’</span> <span class='ocrx_word' id='word_1_145' title='bbox 1309 1249 1351 1286; x_wconf 83' lang='lat' dir='ltr'><strong>id</strong></span> <span class='ocrx_word' id='word_1_146' title='bbox 1374 1249 1457 1285; x_wconf 87' lang='lat' dir='ltr'><strong>ibid</strong></span> <span class='ocrx_word' id='word_1_147' title='bbox 1481 1252 1527 1285; x_wconf 83' lang='lat'><strong>83</strong></span> <span class='ocrx_word' id='word_1_148' title='bbox 1552 1251 1659 1297; x_wconf 81' lang='lat'>(1861</span> <span class='ocrx_word' id='word_1_149' title='bbox 1700 1254 1759 1296; x_wconf 76' lang='lat'><strong>39,</strong></span> 
     </span>
     <span class='ocr_line' id='line_1_17' title="bbox 186 1295 1758 1346; baseline 0.003 -15"><span class='ocrx_word' id='word_1_150' title='bbox 186 1296 272 1332; x_wconf 83' lang='grc' dir='ltr'><strong>αίᾶν</strong></span> <span class='ocrx_word' id='word_1_151' title='bbox 297 1296 326 1343; x_wconf 85' lang='lat' dir='ltr'><strong>&lt;i</strong></span> <span class='ocrx_word' id='word_1_152' title='bbox 345 1307 366 1332; x_wconf 89' lang='lat' dir='ltr'><strong>e</strong></span> <span class='ocrx_word' id='word_1_153' title='bbox 389 1299 548 1346; x_wconf 89' lang='grc' dir='ltr'>γαιάων)</span> <span class='ocrx_word' id='word_1_154' title='bbox 572 1297 798 1344; x_wconf 85' lang='lat' dir='ltr'><strong>Mommsen,</strong></span> <span class='ocrx_word' id='word_1_155' title='bbox 829 1299 946 1336; x_wconf 89' lang='grc' dir='ltr'>δαίων</span> <span class='ocrx_word' id='word_1_156' title='bbox 971 1298 1038 1344; x_wconf 89' lang='lat' dir='ltr'><strong>(ie</strong></span> <span class='ocrx_word' id='word_1_157' title='bbox 1062 1297 1230 1343; x_wconf 85' lang='grc' dir='ltr'>φλέγων)</span> <span class='ocrx_word' id='word_1_158' title='bbox 1253 1296 1363 1332; x_wconf 79' lang='lat' dir='ltr'><strong>Maur</strong></span> <span class='ocrx_word' id='word_1_159' title='bbox 1387 1295 1558 1334; x_wconf 80' lang='lat' dir='ltr'><strong>Schmidt</strong></span> <span class='ocrx_word' id='word_1_160' title='bbox 1580 1310 1606 1344; x_wconf 89' lang='lat' dir='ltr'><strong>p</strong></span> <span class='ocrx_word' id='word_1_161' title='bbox 1633 1297 1660 1335; x_wconf 88' lang='lat' dir='ltr'>C</span> <span class='ocrx_word' id='word_1_162' title='bbox 1750 1327 1758 1343; x_wconf 95' lang='lat'><strong>,</strong></span> 
     </span>
     <span class='ocr_line' id='line_1_18' title="bbox 186 1343 1758 1394; baseline 0.002 -15"><span class='ocrx_word' id='word_1_163' title='bbox 186 1344 278 1380; x_wconf 84' lang='grc' dir='ltr'>δίων</span> <span class='ocrx_word' id='word_1_164' title='bbox 308 1343 415 1391; x_wconf 89' lang='lat' dir='ltr'><strong>(olim</strong></span> <span class='ocrx_word' id='word_1_165' title='bbox 439 1347 543 1391; x_wconf 90' lang='grc' dir='ltr'>δήων</span> <span class='ocrx_word' id='word_1_166' title='bbox 562 1363 608 1377; x_wconf 86' lang='lat'><strong>==</strong></span> <span class='ocrx_word' id='word_1_167' title='bbox 628 1348 828 1394; x_wconf 84' lang='lat' dir='ltr'><strong>quaerens)</strong></span> <span class='ocrx_word' id='word_1_168' title='bbox 857 1345 983 1394; x_wconf 82' lang='lat' dir='ltr'><strong>Bergk</strong></span> <span class='ocrx_word' id='word_1_169' title='bbox 1006 1343 1150 1382; x_wconf 85' lang='lat' dir='ltr'><strong>Jahrbb</strong></span> <span class='ocrx_word' id='word_1_170' title='bbox 1175 1348 1221 1382; x_wconf 83' lang='lat'><strong>99</strong></span> <span class='ocrx_word' id='word_1_171' title='bbox 1245 1345 1367 1392; x_wconf 83' lang='grc'>(1869)</span> <span class='ocrx_word' id='word_1_172' title='bbox 1394 1348 1501 1391; x_wconf 77' lang='grc'>182“;</span> <span class='ocrx_word' id='word_1_173' title='bbox 1538 1350 1655 1390; x_wconf 88' lang='grc' dir='ltr'>χαιῶν</span> <span class='ocrx_word' id='word_1_174' title='bbox 1679 1345 1758 1393; x_wconf 90' lang='lat' dir='ltr'><strong>(bo-</strong></span> 
     </span>
     <span class='ocr_line' id='line_1_19' title="bbox 184 1391 1760 1442; baseline 0.003 -16"><span class='ocrx_word' id='word_1_175' title='bbox 184 1400 338 1436; x_wconf 84' lang='lat' dir='ltr'><strong>norum,</strong></span> <span class='ocrx_word' id='word_1_176' title='bbox 363 1402 410 1429; x_wconf 80' lang='lat' dir='ltr'><strong>ex</strong></span> <span class='ocrx_word' id='word_1_177' title='bbox 432 1391 638 1442; x_wconf 78' lang='lat' dir='ltr'><strong>Hesychio)</strong></span> <span class='ocrx_word' id='word_1_178' title='bbox 661 1393 762 1432; x_wconf 65' lang='lat' dir='ltr'><strong>thl</strong></span> <span class='ocrx_word' id='word_1_179' title='bbox 784 1393 868 1432; x_wconf 87' lang='lat' dir='ltr'><strong>ibid</strong></span> <span class='ocrx_word' id='word_1_180' title='bbox 893 1397 960 1430; x_wconf 91' lang='lat'><strong>111</strong></span> <span class='ocrx_word' id='word_1_181' title='bbox 986 1394 1108 1441; x_wconf 85' lang='grc'>(1875)</span> <span class='ocrx_word' id='word_1_182' title='bbox 1133 1396 1215 1438; x_wconf 73' lang='grc'>808,</span> <span class='ocrx_word' id='word_1_183' title='bbox 1244 1395 1348 1440; x_wconf 85' lang='grc' dir='ltr'>χᾲων</span> <span class='ocrx_word' id='word_1_184' title='bbox 1371 1404 1499 1429; x_wconf 86' lang='lat' dir='ltr'><strong>rursus</strong></span> <span class='ocrx_word' id='word_1_185' title='bbox 1523 1392 1564 1429; x_wconf 81' lang='lat' dir='ltr'>M</span> <span class='ocrx_word' id='word_1_186' title='bbox 1588 1392 1760 1430; x_wconf 78' lang='lat' dir='ltr'><strong>Schmidt</strong></span> 
     </span>
     <span class='ocr_line' id='line_1_20' title="bbox 184 1437 1746 1488; baseline 0.003 -14"><span class='ocrx_word' id='word_1_187' title='bbox 184 1437 253 1474; x_wconf 90' lang='lat' dir='ltr'><strong>ind</strong></span> <span class='ocrx_word' id='word_1_188' title='bbox 277 1438 343 1475; x_wconf 90' lang='lat' dir='ltr'><strong>Ien</strong></span> <span class='ocrx_word' id='word_1_189' title='bbox 369 1442 461 1477; x_wconf 75' lang='grc'>1879</span> <span class='ocrx_word' id='word_1_190' title='bbox 485 1452 512 1488; x_wconf 86' lang='lat' dir='ltr'><strong>p</strong></span> <span class='ocrx_word' id='word_1_191' title='bbox 530 1445 573 1487; x_wconf 78' lang='grc'>4,</span> <span class='ocrx_word' id='word_1_192' title='bbox 601 1442 681 1480; x_wconf 83' lang='grc' dir='ltr'><strong>τῶν</strong></span> <span class='ocrx_word' id='word_1_193' title='bbox 705 1446 775 1480; x_wconf 85' lang='grc' dir='ltr'><strong>νον</strong></span> <span class='ocrx_word' id='word_1_194' title='bbox 799 1441 922 1479; x_wconf 83' lang='lat' dir='ltr'><strong>Hiller</strong></span> <span class='ocrx_word' id='word_1_195' title='bbox 951 1441 1006 1488; x_wconf 90' lang='lat' dir='ltr'><strong>(in</strong></span> <span class='ocrx_word' id='word_1_196' title='bbox 1030 1440 1178 1478; x_wconf 87' lang='lat' dir='ltr'><strong>schedis</strong></span> <span class='ocrx_word' id='word_1_197' title='bbox 1202 1439 1344 1477; x_wconf 87' lang='lat' dir='ltr'><strong>relictis</strong></span> <span class='ocrx_word' id='word_1_198' title='bbox 1370 1443 1462 1478; x_wconf 87' lang='grc'>1891</span> <span class='ocrx_word' id='word_1_199' title='bbox 1509 1440 1559 1477; x_wconf 86' lang='grc' dir='ltr'>οΠ</span> <span class='ocrx_word' id='word_1_200' title='bbox 1584 1440 1615 1477; x_wconf 92' lang='grc' dir='ltr'>Ο</span> <span class='ocrx_word' id='word_1_201' title='bbox 1639 1441 1658 1477; x_wconf 93' lang='grc' dir='ltr'>Ι</span> <span class='ocrx_word' id='word_1_202' title='bbox 1678 1445 1746 1478; x_wconf 81' lang='lat'><strong>105</strong></span> 
     </span>
     <span class='ocr_line' id='line_1_21' title="bbox 184 1469 1759 1538; baseline 0.003 -17"><span class='ocrx_word' id='word_1_203' title='bbox 184 1485 215 1521; x_wconf 91' lang='lat' dir='ltr'><strong>P</strong></span> <span class='ocrx_word' id='word_1_204' title='bbox 233 1485 286 1522; x_wconf 77' lang='grc' dir='ltr'><em>Ἦ</em></span> <span class='ocrx_word' id='word_1_205' title='bbox 303 1490 369 1532; x_wconf 76' lang='lat'><strong>443</strong></span> <span class='ocrx_word' id='word_1_206' title='bbox 391 1488 509 1526; x_wconf 87' lang='grc' dir='ltr'>ναίων</span> <span class='ocrx_word' id='word_1_207' title='bbox 527 1488 692 1528; x_wconf 73' lang='lat' dir='ltr'><strong>eiciebat</strong></span> <span class='ocrx_word' id='word_1_208' title='bbox 708 1491 767 1537; x_wconf 85' lang='lat' dir='ltr'><strong>(ut</strong></span> <span class='ocrx_word' id='word_1_209' title='bbox 784 1493 881 1527; x_wconf 80' lang='grc' dir='ltr'>νῖκαι</span> <span class='ocrx_word' id='word_1_210' title='bbox 899 1502 922 1527; x_wconf 85' lang='lat' dir='ltr'>v</span> <span class='ocrx_word' id='word_1_211' title='bbox 941 1491 1001 1538; x_wconf 82' lang='lat'><strong>14)</strong></span> <span class='ocrx_word' id='word_1_212' title='bbox 1025 1488 1171 1537; x_wconf 76' lang='lat' dir='ltr'><strong>Bergk¹</strong></span> <span class='ocrx_word' id='word_1_213' title='bbox 1234 1490 1412 1533; x_wconf 82' lang='grc' dir='ltr'>ὁνυμάξαι</span> <span class='ocrx_word' id='word_1_214' title='bbox 1428 1500 1455 1535; x_wconf 89' lang='lat' dir='ltr'><strong>p</strong></span> <span class='ocrx_word' id='word_1_215' title='bbox 1471 1488 1600 1534; x_wconf 90' lang='lat' dir='ltr'><strong>erique</strong></span> <span class='ocrx_word' id='word_1_216' title='bbox 1619 1499 1640 1525; x_wconf 95' lang='lat' dir='ltr'><strong>c</strong></span> <span class='ocrx_word' id='word_1_217' title='bbox 1657 1469 1759 1526; x_wconf 76' lang='lat' dir='ltr'><strong>Trici</strong></span> 
     </span>
     <span class='ocr_line' id='line_1_22' title="bbox 186 1533 1760 1585; baseline 0.003 -16"><span class='ocrx_word' id='word_1_218' title='bbox 186 1533 381 1581; x_wconf 77' lang='lat' dir='ltr'><strong>corrigunt</strong></span> <span class='ocrx_word' id='word_1_219' title='bbox 410 1534 452 1572; x_wconf 90' lang='lat' dir='ltr'><strong>in</strong></span> <span class='ocrx_word' id='word_1_220' title='bbox 483 1537 729 1584; x_wconf 81' lang='grc' dir='ltr'>ὀνυμάξομαι,</span> <span class='ocrx_word' id='word_1_221' title='bbox 767 1548 983 1585; x_wconf 80' lang='lat' dir='ltr'><strong>perperam,</strong></span> <span class='ocrx_word' id='word_1_222' title='bbox 1013 1537 1055 1574; x_wconf 92' lang='lat' dir='ltr'><strong>id</strong></span> <span class='ocrx_word' id='word_1_223' title='bbox 1078 1536 1180 1584; x_wconf 88' lang='lat' dir='ltr'><strong>quod</strong></span> <span class='ocrx_word' id='word_1_224' title='bbox 1202 1536 1345 1584; x_wconf 87' lang='lat' dir='ltr'><strong>primus</strong></span> <span class='ocrx_word' id='word_1_225' title='bbox 1369 1537 1561 1583; x_wconf 82' lang='lat' dir='ltr'><strong>perspexit</strong></span> <span class='ocrx_word' id='word_1_226' title='bbox 1583 1536 1760 1585; x_wconf 78' lang='lat' dir='ltr'><strong>Hartung</strong></span> 
     </span>
     <span class='ocr_line' id='line_1_23' title="bbox 187 1581 1759 1633; baseline 0.003 -16"><span class='ocrx_word' id='word_1_227' title='bbox 187 1581 238 1617; x_wconf 88' lang='lat' dir='ltr'><strong>cll</strong></span> <span class='ocrx_word' id='word_1_228' title='bbox 261 1581 390 1619; x_wconf 81' lang='lat' dir='ltr'><strong>media</strong></span> <span class='ocrx_word' id='word_1_229' title='bbox 414 1582 519 1620; x_wconf 82' lang='lat' dir='ltr'><strong>verbi</strong></span> <span class='ocrx_word' id='word_1_230' title='bbox 542 1583 665 1622; x_wconf 83' lang='lat' dir='ltr'><strong>forma</strong></span> <span class='ocrx_word' id='word_1_231' title='bbox 690 1584 739 1622; x_wconf 82' lang='lat' dir='ltr'><strong>So</strong></span> <span class='ocrx_word' id='word_1_232' title='bbox 766 1586 793 1622; x_wconf 90' lang='lat' dir='ltr'><strong>h</strong></span> <span class='ocrx_word' id='word_1_233' title='bbox 818 1585 886 1623; x_wconf 81' lang='grc' dir='ltr'><strong>ΟΒ,</strong></span> <span class='ocrx_word' id='word_1_234' title='bbox 912 1589 1022 1632; x_wconf 67' lang='grc'>1021,</span> <span class='ocrx_word' id='word_1_235' title='bbox 1058 1586 1256 1630; x_wconf 80' lang='grc' dir='ltr'>ὀνυμάξεαι</span> <span class='ocrx_word' id='word_1_236' title='bbox 1285 1585 1446 1632; x_wconf 85' lang='lat' dir='ltr'><strong>(servato</strong></span> <span class='ocrx_word' id='word_1_237' title='bbox 1469 1585 1587 1622; x_wconf 90' lang='grc' dir='ltr'>ναίων</span> <span class='ocrx_word' id='word_1_238' title='bbox 1612 1584 1759 1633; x_wconf 86' lang='lat' dir='ltr'><strong>opinor)</strong></span> 
     </span>
     <span class='ocr_line' id='line_1_24' title="bbox 185 1629 1759 1680; baseline 0.003 -14"><span class='ocrx_word' id='word_1_239' title='bbox 185 1629 271 1666; x_wconf 82' lang='lat' dir='ltr'><strong>cuni</strong></span> <span class='ocrx_word' id='word_1_240' title='bbox 294 1629 460 1676; x_wconf 53' lang='lat' dir='ltr'><strong>Boeckln</strong></span> <span class='ocrx_word' id='word_1_241' title='bbox 486 1633 719 1678; x_wconf 80' lang='grc' dir='ltr'>ὁνυμάξομεν</span> <span class='ocrx_word' id='word_1_242' title='bbox 802 1634 1024 1670; x_wconf 88' lang='lat' dir='ltr'><strong>uchenstein</strong></span> <span class='ocrx_word' id='word_1_243' title='bbox 1043 1631 1186 1671; x_wconf 82' lang='lat' dir='ltr'><strong>Jahrbb</strong></span> <span class='ocrx_word' id='word_1_244' title='bbox 1205 1636 1263 1679; x_wconf 81' lang='grc'><strong>83,</strong></span> <span class='ocrx_word' id='word_1_245' title='bbox 1282 1636 1340 1678; x_wconf 82' lang='grc'>39,</span> <span class='ocrx_word' id='word_1_246' title='bbox 1364 1633 1511 1680; x_wconf 88' lang='grc' dir='ltr'>(ναίων)</span> <span class='ocrx_word' id='word_1_247' title='bbox 1529 1634 1759 1678; x_wconf 80' lang='grc' dir='ltr'>ὁνυμάξομαι</span> 
     </span>
     <span class='ocr_line' id='line_1_25' title="bbox 186 1679 1758 1728; baseline 0.002 -14"><span class='ocrx_word' id='word_1_248' title='bbox 186 1694 233 1709; x_wconf 74' lang='lat'><strong>³—</strong></span> <span class='ocrx_word' id='word_1_249' title='bbox 252 1679 548 1724; x_wconf 83' lang='grc' dir='ltr'>ὀνομαςθήςομαι</span> <span class='ocrx_word' id='word_1_250' title='bbox 579 1680 796 1728; x_wconf 76' lang='lat' dir='ltr'><strong>accipiebat</strong></span> <span class='ocrx_word' id='word_1_251' title='bbox 825 1681 882 1728; x_wconf 83' lang='lat' dir='ltr'><strong>Ty</strong></span> <span class='ocrx_word' id='word_1_252' title='bbox 906 1682 1131 1728; x_wconf 82' lang='lat' dir='ltr'><strong>Mommsen,</strong></span> <span class='ocrx_word' id='word_1_253' title='bbox 1167 1694 1200 1718; x_wconf 94' lang='grc' dir='ltr'><strong>ν.</strong></span> <span class='ocrx_word' id='word_1_254' title='bbox 1225 1682 1452 1726; x_wconf 82' lang='grc' dir='ltr'>ὁνυμάξομαι</span> <span class='ocrx_word' id='word_1_255' title='bbox 1471 1698 1517 1711; x_wconf 94' lang='lat'>=</span> <span class='ocrx_word' id='word_1_256' title='bbox 1536 1681 1758 1725; x_wconf 81' lang='grc' dir='ltr'>ὀνυμάξεταί</span> 
     </span>
     <span class='ocr_line' id='line_1_26' title="bbox 183 1725 1758 1778; baseline 0.002 -17"><span class='ocrx_word' id='word_1_257' title='bbox 183 1737 240 1762; x_wconf 87' lang='grc' dir='ltr'>τις</span> <span class='ocrx_word' id='word_1_258' title='bbox 264 1725 430 1762; x_wconf 82' lang='lat' dir='ltr'><strong>Fennell.</strong></span> <span class='ocrx_word' id='word_1_259' title='bbox 475 1725 585 1770; x_wconf 83' lang='lat' dir='ltr'><strong>Quod</strong></span> <span class='ocrx_word' id='word_1_260' title='bbox 602 1728 756 1765; x_wconf 87' lang='lat' dir='ltr'><strong>Boeckh</strong></span> <span class='ocrx_word' id='word_1_261' title='bbox 781 1729 1002 1767; x_wconf 72' lang='lat' dir='ltr'><strong>dubitanter</strong></span> <span class='ocrx_word' id='word_1_262' title='bbox 1024 1728 1222 1776; x_wconf 84' lang='lat' dir='ltr'><strong>proposuit</strong></span> <span class='ocrx_word' id='word_1_263' title='bbox 1244 1728 1350 1766; x_wconf 87' lang='lat' dir='ltr'><strong>nullo</strong></span> <span class='ocrx_word' id='word_1_264' title='bbox 1374 1730 1558 1774; x_wconf 85' lang='lat' dir='ltr'><strong>quantum</strong></span> <span class='ocrx_word' id='word_1_265' title='bbox 1576 1727 1654 1764; x_wconf 86' lang='lat' dir='ltr'><strong>scio</strong></span> <span class='ocrx_word' id='word_1_266' title='bbox 1672 1739 1758 1778; x_wconf 84' lang='lat' dir='ltr'><strong>pro-</strong></span> 
     </span>
     <span class='ocr_line' id='line_1_27' title="bbox 184 1772 1759 1824; baseline 0.003 -16"><span class='ocrx_word' id='word_1_267' title='bbox 184 1772 318 1819; x_wconf 84' lang='lat' dir='ltr'><strong>bante,</strong></span> <span class='ocrx_word' id='word_1_268' title='bbox 350 1773 502 1821; x_wconf 77' lang='lat' dir='ltr'><strong>egregie</strong></span> <span class='ocrx_word' id='word_1_269' title='bbox 532 1774 727 1812; x_wconf 87' lang='lat' dir='ltr'><strong>inventum</strong></span> <span class='ocrx_word' id='word_1_270' title='bbox 758 1788 908 1815; x_wconf 90' lang='lat' dir='ltr'><strong>censeo:</strong></span> <span class='ocrx_word' id='word_1_271' title='bbox 947 1779 1077 1824; x_wconf 82' lang='lat' dir='ltr'><strong>‘quam</strong></span> <span class='ocrx_word' id='word_1_272' title='bbox 1100 1777 1281 1824; x_wconf 78' lang='lat' dir='ltr'><strong>patriam,</strong></span> <span class='ocrx_word' id='word_1_273' title='bbox 1312 1787 1426 1823; x_wconf 81' lang='lat' dir='ltr'><strong>quam</strong></span> <span class='ocrx_word' id='word_1_274' title='bbox 1450 1776 1602 1812; x_wconf 90' lang='lat' dir='ltr'><strong>domum</strong></span> <span class='ocrx_word' id='word_1_275' title='bbox 1625 1777 1759 1813; x_wconf 82' lang='lat' dir='ltr'><strong>tenens</strong></span> 
     </span>
     <span class='ocr_line' id='line_1_28' title="bbox 184 1821 1758 1871; baseline 0.002 -15"><span class='ocrx_word' id='word_1_276' title='bbox 184 1822 292 1857; x_wconf 86' lang='lat' dir='ltr'><strong>tuam</strong></span> <span class='ocrx_word' id='word_1_277' title='bbox 316 1821 464 1862; x_wconf 68' lang='lat' dir='ltr'><strong>dixeris,</strong></span> <span class='ocrx_word' id='word_1_278' title='bbox 480 1821 678 1859; x_wconf 82' lang='lat' dir='ltr'><strong>clariorem</strong></span> <span class='ocrx_word' id='word_1_279' title='bbox 703 1825 807 1870; x_wconf 85' lang='lat' dir='ltr'><strong>apud</strong></span> <span class='ocrx_word' id='word_1_280' title='bbox 831 1825 994 1862; x_wconf 86' lang='lat' dir='ltr'><strong>Graecos</strong></span> <span class='ocrx_word' id='word_1_281' title='bbox 1012 1825 1154 1863; x_wconf 56' lang='lat' dir='ltr'><strong>fama?</strong></span> <span class='ocrx_word' id='word_1_282' title='bbox 1256 1825 1282 1863; x_wconf 75' lang='lat'>9</span> <span class='ocrx_word' id='word_1_283' title='bbox 1304 1826 1460 1862; x_wconf 87' lang='grc' dir='ltr'>πολίεςςι</span> <span class='ocrx_word' id='word_1_284' title='bbox 1483 1824 1527 1871; x_wconf 84' lang='lat' dir='ltr'><strong>V,</strong></span> <span class='ocrx_word' id='word_1_285' title='bbox 1551 1824 1657 1870; x_wconf 84' lang='lat' dir='ltr'><strong>quod.</strong></span> <span class='ocrx_word' id='word_1_286' title='bbox 1677 1824 1758 1866; x_wconf 83' lang='lat' dir='ltr'><strong>fue-</strong></span> 
     </span>
     <span class='ocr_line' id='line_1_29' title="bbox 184 1869 1758 1920; baseline 0.003 -16"><span class='ocrx_word' id='word_1_287' title='bbox 184 1870 273 1905; x_wconf 88' lang='lat' dir='ltr'><strong>runt</strong></span> <span class='ocrx_word' id='word_1_288' title='bbox 297 1869 363 1914; x_wconf 89' lang='lat' dir='ltr'><strong>qui</strong></span> <span class='ocrx_word' id='word_1_289' title='bbox 387 1869 599 1916; x_wconf 82' lang='lat' dir='ltr'><strong>reciperent</strong></span> <span class='ocrx_word' id='word_1_290' title='bbox 629 1876 830 1916; x_wconf 82' lang='grc' dir='ltr'>μεγαλοπτ.</span> <span class='ocrx_word' id='word_1_291' title='bbox 862 1873 1068 1910; x_wconf 84' lang='lat' dir='ltr'><strong>scribentes</strong></span> <span class='ocrx_word' id='word_1_292' title='bbox 1098 1886 1121 1911; x_wconf 88' lang='lat' dir='ltr'>v</span> <span class='ocrx_word' id='word_1_293' title='bbox 1146 1878 1185 1920; x_wconf 90' lang='lat'><strong>1,</strong></span> <span class='ocrx_word' id='word_1_294' title='bbox 1220 1876 1365 1911; x_wconf 81' lang='grc' dir='ltr'>πόλεςιν</span> <span class='ocrx_word' id='word_1_295' title='bbox 1389 1872 1446 1918; x_wconf 87' lang='grc' dir='ltr'>Ε,</span> <span class='ocrx_word' id='word_1_296' title='bbox 1480 1873 1658 1909; x_wconf 83' lang='grc' dir='ltr'>πολίεςςιν</span> <span class='ocrx_word' id='word_1_297' title='bbox 1688 1872 1758 1908; x_wconf 88' lang='lat' dir='ltr'><strong>rell</strong></span> 
     </span>
     <span class='ocr_line' id='line_1_30' title="bbox 185 1916 1761 1969; baseline 0.003 -18"><span class='ocrx_word' id='word_1_298' title='bbox 185 1918 275 1962; x_wconf 87' lang='lat' dir='ltr'><strong>vett,</strong></span> <span class='ocrx_word' id='word_1_299' title='bbox 300 1927 383 1952; x_wconf 88' lang='lat' dir='ltr'><strong>corr</strong></span> <span class='ocrx_word' id='word_1_300' title='bbox 405 1916 484 1963; x_wconf 81' lang='lat' dir='ltr'><strong>Byz</strong></span> <span class='ocrx_word' id='word_1_301' title='bbox 557 1920 579 1954; x_wconf 82' lang='grc' dir='ltr'>ὁ</span> <span class='ocrx_word' id='word_1_302' title='bbox 602 1920 714 1963; x_wconf 88' lang='grc' dir='ltr'>λόγος</span> <span class='ocrx_word' id='word_1_303' title='bbox 738 1919 849 1967; x_wconf 83' lang='lat' dir='ltr'><strong>Vatt,</strong></span> <span class='ocrx_word' id='word_1_304' title='bbox 884 1932 945 1958; x_wconf 92' lang='lat' dir='ltr'><strong>om</strong></span> <span class='ocrx_word' id='word_1_305' title='bbox 970 1922 1067 1958; x_wconf 81' lang='lat' dir='ltr'><strong>artic</strong></span> <span class='ocrx_word' id='word_1_306' title='bbox 1091 1922 1127 1959; x_wconf 85' lang='lat' dir='ltr'><strong><em>V</em></strong></span> <span class='ocrx_word' id='word_1_307' title='bbox 1147 1924 1186 1958; x_wconf 89' lang='lat' dir='ltr'><strong>et</strong></span> <span class='ocrx_word' id='word_1_308' title='bbox 1209 1921 1286 1969; x_wconf 78' lang='lat' dir='ltr'><strong>Byz</strong></span> <span class='ocrx_word' id='word_1_309' title='bbox 1400 1920 1452 1958; x_wconf 84' lang='lat'><strong>10</strong></span> <span class='ocrx_word' id='word_1_310' title='bbox 1475 1921 1654 1966; x_wconf 82' lang='grc' dir='ltr'>ἐρεχθέως</span> <span class='ocrx_word' id='word_1_311' title='bbox 1678 1920 1761 1956; x_wconf 84' lang='lat' dir='ltr'><strong>DE</strong></span> 
     </span>
     <span class='ocr_line' id='line_1_31' title="bbox 186 1964 1758 2015; baseline 0.003 -16"><span class='ocrx_word' id='word_1_312' title='bbox 186 1975 206 1999; x_wconf 95' lang='grc' dir='ltr'>ο</span> <span class='ocrx_word' id='word_1_313' title='bbox 231 1964 330 2010; x_wconf 88' lang='lat' dir='ltr'><strong>dett,</strong></span> <span class='ocrx_word' id='word_1_314' title='bbox 361 1965 464 2010; x_wconf 90' lang='lat' dir='ltr'><strong>quod</strong></span> <span class='ocrx_word' id='word_1_315' title='bbox 486 1966 531 2001; x_wconf 89' lang='lat' dir='ltr'><strong>ut</strong></span> <span class='ocrx_word' id='word_1_316' title='bbox 559 1967 730 2003; x_wconf 83' lang='lat' dir='ltr'><strong>tueretur</strong></span> <span class='ocrx_word' id='word_1_317' title='bbox 761 1969 957 2014; x_wconf 89' lang='grc' dir='ltr'>προοίμιόν</span> <span class='ocrx_word' id='word_1_318' title='bbox 980 1972 1020 2007; x_wconf 79' lang='grc' dir='ltr'>τ’</span> <span class='ocrx_word' id='word_1_319' title='bbox 1046 1982 1067 2006; x_wconf 88' lang='lat' dir='ltr'>v</span> <span class='ocrx_word' id='word_1_320' title='bbox 1087 1974 1108 2006; x_wconf 98' lang='grc'>2</span> <span class='ocrx_word' id='word_1_321' title='bbox 1133 1967 1235 2007; x_wconf 82' lang='lat' dir='ltr'><strong>Tricl</strong></span> <span class='ocrx_word' id='word_1_322' title='bbox 1360 1970 1548 2006; x_wconf 84' lang='grc' dir='ltr'>Ἀπόλλων</span> <span class='ocrx_word' id='word_1_323' title='bbox 1586 1966 1620 2004; x_wconf 83' lang='lat' dir='ltr'><strong>ft</strong></span> <span class='ocrx_word' id='word_1_324' title='bbox 1642 1970 1758 2015; x_wconf 83' lang='lat' dir='ltr'><strong>recte)</strong></span> 
     </span>
     <span class='ocr_line' id='line_1_32' title="bbox 185 2011 1755 2071; baseline 0.008 -24"><span class='ocrx_word' id='word_1_325' title='bbox 185 2011 316 2048; x_wconf 83' lang='lat' dir='ltr'><strong>Mosch</strong></span> <span class='ocrx_word' id='word_1_326' title='bbox 381 2014 469 2049; x_wconf 89' lang='grc' dir='ltr'>τεόν</span> <span class='ocrx_word' id='word_1_327' title='bbox 486 2025 529 2050; x_wconf 90' lang='grc' dir='ltr'>τε</span> <span class='ocrx_word' id='word_1_328' title='bbox 548 2016 665 2058; x_wconf 80' lang='grc' dir='ltr'>δόμον</span> <span class='ocrx_word' id='word_1_329' title='bbox 684 2014 789 2061; x_wconf 82' lang='lat' dir='ltr'><strong>Vatt,</strong></span> <span class='ocrx_word' id='word_1_330' title='bbox 806 2014 849 2052; x_wconf 83' lang='grc' dir='ltr'>τὲ</span> <span class='ocrx_word' id='word_1_331' title='bbox 868 2017 929 2063; x_wconf 70' lang='lat' dir='ltr'><strong>(an</strong></span> <span class='ocrx_word' id='word_1_332' title='bbox 947 2019 1049 2064; x_wconf 85' lang='grc' dir='ltr'>τεὸν)</span> <span class='ocrx_word' id='word_1_333' title='bbox 1070 2020 1102 2054; x_wconf 92' lang='grc' dir='ltr'><strong>δ.</strong></span> <span class='ocrx_word' id='word_1_334' title='bbox 1122 2017 1165 2063; x_wconf 88' lang='lat' dir='ltr'><strong>V,</strong></span> <span class='ocrx_word' id='word_1_335' title='bbox 1189 2019 1277 2055; x_wconf 88' lang='grc' dir='ltr'>τεόν</span> <span class='ocrx_word' id='word_1_336' title='bbox 1295 2029 1338 2062; x_wconf 85' lang='grc' dir='ltr'><strong>γε</strong></span> <span class='ocrx_word' id='word_1_337' title='bbox 1357 2019 1389 2054; x_wconf 90' lang='grc' dir='ltr'><strong>δ.</strong></span> <span class='ocrx_word' id='word_1_338' title='bbox 1408 2015 1538 2052; x_wconf 81' lang='lat' dir='ltr'><strong>Mosch</strong></span> <span class='ocrx_word' id='word_1_339' title='bbox 1557 2016 1570 2062; x_wconf 98' lang='lat'><strong>(</strong></span> <span class='ocrx_word' id='word_1_340' title='bbox 1603 2015 1755 2071; x_wconf 76' lang='lat' dir='ltr'><strong>oeckh);</strong></span> 
     </span>
     <span class='ocr_line' id='line_1_33' title="bbox 185 2061 1758 2113; baseline 0.005 -18"><span class='ocrx_word' id='word_1_341' title='bbox 185 2062 272 2096; x_wconf 86' lang='grc' dir='ltr'>τεὸν</span> <span class='ocrx_word' id='word_1_342' title='bbox 310 2061 426 2104; x_wconf 85' lang='grc' dir='ltr'>δόμον</span> <span class='ocrx_word' id='word_1_343' title='bbox 457 2062 499 2097; x_wconf 86' lang='grc' dir='ltr'><strong>ἐν</strong></span> <span class='ocrx_word' id='word_1_344' title='bbox 530 2072 575 2097; x_wconf 86' lang='lat' dir='ltr'><strong>vv</strong></span> <span class='ocrx_word' id='word_1_345' title='bbox 607 2065 639 2098; x_wconf 91' lang='grc'>2.</span> <span class='ocrx_word' id='word_1_346' title='bbox 666 2066 688 2097; x_wconf 82' lang='lat'>3</span> <span class='ocrx_word' id='word_1_347' title='bbox 712 2062 879 2110; x_wconf 76' lang='lat' dir='ltr'><strong>iungens</strong></span> <span class='ocrx_word' id='word_1_348' title='bbox 916 2063 1108 2113; x_wconf 78' lang='lat' dir='ltr'><strong>Hartung,</strong></span> <span class='ocrx_word' id='word_1_349' title='bbox 1151 2067 1239 2102; x_wconf 90' lang='grc' dir='ltr'>τεὸν</span> <span class='ocrx_word' id='word_1_350' title='bbox 1282 2067 1443 2111; x_wconf 88' lang='grc' dir='ltr'>μέγαρον</span> <span class='ocrx_word' id='word_1_351' title='bbox 1479 2063 1758 2100; x_wconf 74' lang='lat' dir='ltr'><strong>Rauchenstem</strong></span> 
     </span>
     <span class='ocr_line' id='line_1_34' title="bbox 185 2106 1757 2160; baseline 0.003 -17"><span class='ocrx_word' id='word_1_352' title='bbox 185 2106 330 2144; x_wconf 85' lang='lat' dir='ltr'><strong>Jahrbb</strong></span> <span class='ocrx_word' id='word_1_353' title='bbox 355 2110 401 2144; x_wconf 85' lang='grc'>83</span> <span class='ocrx_word' id='word_1_354' title='bbox 426 2108 549 2155; x_wconf 83' lang='grc'>(1861)</span> <span class='ocrx_word' id='word_1_355' title='bbox 573 2112 632 2154; x_wconf 79' lang='lat'><strong>40,</strong></span> <span class='ocrx_word' id='word_1_356' title='bbox 656 2111 744 2147; x_wconf 87' lang='grc' dir='ltr'>τεὸν</span> <span class='ocrx_word' id='word_1_357' title='bbox 770 2113 886 2155; x_wconf 85' lang='grc' dir='ltr'>δόμον</span> <span class='ocrx_word' id='word_1_358' title='bbox 912 2113 951 2148; x_wconf 91' lang='lat' dir='ltr'><strong>et</strong></span> <span class='ocrx_word' id='word_1_359' title='bbox 975 2124 997 2148; x_wconf 85' lang='lat' dir='ltr'>v</span> <span class='ocrx_word' id='word_1_360' title='bbox 1017 2116 1038 2149; x_wconf 87' lang='grc'>2</span> <span class='ocrx_word' id='word_1_361' title='bbox 1063 2117 1202 2160; x_wconf 64' lang='grc' dir='ltr'>γενςᾷΐ</span> <span class='ocrx_word' id='word_1_362' title='bbox 1227 2113 1284 2160; x_wconf 78' lang='lat' dir='ltr'><strong>Ty</strong></span> <span class='ocrx_word' id='word_1_363' title='bbox 1302 2112 1519 2157; x_wconf 87' lang='lat' dir='ltr'><strong>Mommsen,</strong></span> <span class='ocrx_word' id='word_1_364' title='bbox 1543 2114 1631 2148; x_wconf 89' lang='grc' dir='ltr'>τεὸν</span> <span class='ocrx_word' id='word_1_365' title='bbox 1655 2113 1757 2156; x_wconf 87' lang='grc' dir='ltr'>τέμε-</span> 
     </span>
     <span class='ocr_line' id='line_1_35' title="bbox 185 2155 1757 2208; baseline 0.003 -18"><span class='ocrx_word' id='word_1_366' title='bbox 185 2167 250 2192; x_wconf 91' lang='grc' dir='ltr'><strong>νος</strong></span> <span class='ocrx_word' id='word_1_367' title='bbox 281 2157 370 2202; x_wconf 86' lang='lat' dir='ltr'><strong>(quo</strong></span> <span class='ocrx_word' id='word_1_368' title='bbox 394 2155 577 2192; x_wconf 85' lang='lat' dir='ltr'><strong>vocabulo</strong></span> <span class='ocrx_word' id='word_1_369' title='bbox 604 2156 727 2193; x_wconf 75' lang='lat' dir='ltr'><strong>utitur</strong></span> <span class='ocrx_word' id='word_1_370' title='bbox 749 2156 995 2195; x_wconf 86' lang='lat' dir='ltr'><strong>Philochorus</strong></span> <span class='ocrx_word' id='word_1_371' title='bbox 1027 2170 1078 2207; x_wconf 85' lang='lat' dir='ltr'><strong>ap</strong></span> <span class='ocrx_word' id='word_1_372' title='bbox 1101 2161 1205 2197; x_wconf 82' lang='lat' dir='ltr'><strong>schol</strong></span> <span class='ocrx_word' id='word_1_373' title='bbox 1249 2161 1403 2208; x_wconf 84' lang='lat' dir='ltr'><strong>Bergk⁴.</strong></span> <span class='ocrx_word' id='word_1_374' title='bbox 1452 2162 1538 2197; x_wconf 88' lang='grc' dir='ltr'>τεόν</span> <span class='ocrx_word' id='word_1_375' title='bbox 1570 2159 1757 2206; x_wconf 84' lang='lat' dir='ltr'><strong>attingere</strong></span> 
     </span>
     <span class='ocr_line' id='line_1_36' title="bbox 185 2202 1756 2253; baseline 0.003 -14"><span class='ocrx_word' id='word_1_376' title='bbox 185 2213 296 2240; x_wconf 89' lang='lat' dir='ltr'><strong>nemo</strong></span> <span class='ocrx_word' id='word_1_377' title='bbox 321 2202 488 2248; x_wconf 75' lang='lat' dir='ltr'><strong>audebit,</strong></span> <span class='ocrx_word' id='word_1_378' title='bbox 514 2205 631 2248; x_wconf 91' lang='grc' dir='ltr'>δόμον</span> <span class='ocrx_word' id='word_1_379' title='bbox 655 2205 803 2241; x_wconf 82' lang='lat' dir='ltr'><strong>tutatus</strong></span> <span class='ocrx_word' id='word_1_380' title='bbox 829 2208 887 2242; x_wconf 81' lang='lat' dir='ltr'><strong>est</strong></span> <span class='ocrx_word' id='word_1_381' title='bbox 910 2206 1165 2245; x_wconf 85' lang='lat' dir='ltr'><strong>Wilamowitz</strong></span> <span class='ocrx_word' id='word_1_382' title='bbox 1246 2209 1294 2245; x_wconf 89' lang='lat' dir='ltr'><strong>&#39;st</strong></span> <span class='ocrx_word' id='word_1_383' title='bbox 1316 2221 1343 2244; x_wconf 93' lang='lat' dir='ltr'><strong>u</strong></span> <span class='ocrx_word' id='word_1_384' title='bbox 1362 2208 1486 2245; x_wconf 88' lang='lat' dir='ltr'><strong>Athen</strong></span> <span class='ocrx_word' id='word_1_385' title='bbox 1510 2207 1544 2243; x_wconf 93' lang='lat' dir='ltr'><strong>II</strong></span> <span class='ocrx_word' id='word_1_386' title='bbox 1563 2210 1644 2253; x_wconf 82' lang='grc'>327,</span> <span class='ocrx_word' id='word_1_387' title='bbox 1667 2209 1756 2253; x_wconf 85' lang='grc' dir='ltr'>πρό-</span> 
     </span>
     <span class='ocr_line' id='line_1_37' title="bbox 187 2250 1757 2303; baseline 0.003 -16"><span class='ocrx_word' id='word_1_388' title='bbox 187 2254 305 2296; x_wconf 90' lang='grc' dir='ltr'>δομον</span> <span class='ocrx_word' id='word_1_389' title='bbox 330 2250 464 2297; x_wconf 86' lang='lat' dir='ltr'><strong>scripsi</strong></span> <span class='ocrx_word' id='word_1_390' title='bbox 489 2250 539 2287; x_wconf 92' lang='lat' dir='ltr'><strong>cll</strong></span> <span class='ocrx_word' id='word_1_391' title='bbox 562 2253 610 2288; x_wconf 83' lang='grc' dir='ltr'>τὰ</span> <span class='ocrx_word' id='word_1_392' title='bbox 635 2254 838 2297; x_wconf 85' lang='grc' dir='ltr'>ἔμπροςθεν</span> <span class='ocrx_word' id='word_1_393' title='bbox 858 2253 986 2289; x_wconf 86' lang='lat' dir='ltr'><strong>Herod</strong></span> <span class='ocrx_word' id='word_1_394' title='bbox 1004 2254 1039 2291; x_wconf 91' lang='lat' dir='ltr'><strong>V</strong></span> <span class='ocrx_word' id='word_1_395' title='bbox 1058 2259 1115 2302; x_wconf 85' lang='grc'><strong>62,</strong></span> <span class='ocrx_word' id='word_1_396' title='bbox 1139 2259 1345 2302; x_wconf 86' lang='grc' dir='ltr'>πρόδομος·</span> <span class='ocrx_word' id='word_1_397' title='bbox 1370 2258 1541 2303; x_wconf 87' lang='grc' dir='ltr'>προςτάς,</span> <span class='ocrx_word' id='word_1_398' title='bbox 1563 2260 1757 2302; x_wconf 83' lang='grc' dir='ltr'>προςτῷον</span> 
     </span>
     <span class='ocr_line' id='line_1_38' title="bbox 185 2299 1757 2346; baseline 0.003 -12"><span class='ocrx_word' id='word_1_399' title='bbox 185 2299 261 2335; x_wconf 90' lang='lat' dir='ltr'><strong>Hes</strong></span> <span class='ocrx_word' id='word_1_400' title='bbox 289 2299 352 2344; x_wconf 87' lang='lat' dir='ltr'><strong>ch;</strong></span> <span class='ocrx_word' id='word_1_401' title='bbox 379 2299 425 2334; x_wconf 89' lang='lat' dir='ltr'><strong>de</strong></span> <span class='ocrx_word' id='word_1_402' title='bbox 475 2299 741 2345; x_wconf 83' lang='lat' dir='ltr'><strong>raepositionis</strong></span> <span class='ocrx_word' id='word_1_403' title='bbox 766 2301 989 2346; x_wconf 88' lang='lat' dir='ltr'><strong>compendio</strong></span> <span class='ocrx_word' id='word_1_404' title='bbox 1010 2304 1078 2338; x_wconf 85' lang='lat' dir='ltr'><strong>aut</strong></span> <span class='ocrx_word' id='word_1_405' title='bbox 1094 2304 1195 2340; x_wconf 80' lang='lat' dir='ltr'><strong>male</strong></span> <span class='ocrx_word' id='word_1_406' title='bbox 1215 2306 1282 2340; x_wconf 87' lang='lat' dir='ltr'><strong>aut</strong></span> <span class='ocrx_word' id='word_1_407' title='bbox 1301 2305 1452 2340; x_wconf 78' lang='lat' dir='ltr'><strong>omnino</strong></span> <span class='ocrx_word' id='word_1_408' title='bbox 1470 2315 1545 2340; x_wconf 91' lang='lat' dir='ltr'><strong>non</strong></span> <span class='ocrx_word' id='word_1_409' title='bbox 1563 2302 1757 2339; x_wconf 87' lang='lat' dir='ltr'><strong>intellecto</strong></span> 
     </span>
     <span class='ocr_line' id='line_1_39' title="bbox 187 2310 1758 2393; baseline 0.002 -10"><span class='ocrx_word' id='word_1_410' title='bbox 187 2346 228 2383; x_wconf 84' lang='lat' dir='ltr'><strong>cf</strong></span> <span class='ocrx_word' id='word_1_411' title='bbox 301 2347 318 2382; x_wconf 96' lang='lat' dir='ltr'>I</span> <span class='ocrx_word' id='word_1_412' title='bbox 338 2351 395 2393; x_wconf 83' lang='lat'><strong>26,</strong></span> <span class='ocrx_word' id='word_1_413' title='bbox 419 2310 474 2383; x_wconf 51' lang='lat'><strong>13</strong></span> <span class='ocrx_word' id='word_1_414' title='bbox 490 2350 572 2393; x_wconf 86' lang='grc'>271,</span> <span class='ocrx_word' id='word_1_415' title='bbox 596 2346 648 2382; x_wconf 85' lang='grc' dir='ltr'><strong>[Χ</strong></span> <span class='ocrx_word' id='word_1_416' title='bbox 668 2351 730 2392; x_wconf 83' lang='grc'>62;</span> <span class='ocrx_word' id='word_1_417' title='bbox 761 2358 851 2383; x_wconf 86' lang='lat' dir='ltr'><strong>nam</strong></span> <span class='ocrx_word' id='word_1_418' title='bbox 874 2361 948 2393; x_wconf 91' lang='grc' dir='ltr'>προ</span> <span class='ocrx_word' id='word_1_419' title='bbox 970 2362 977 2385; x_wconf 92' lang='grc'>;</span> <span class='ocrx_word' id='word_1_420' title='bbox 996 2361 1039 2386; x_wconf 89' lang='grc' dir='ltr'>τε</span> <span class='ocrx_word' id='word_1_421' title='bbox 1070 2351 1277 2388; x_wconf 87' lang='lat' dir='ltr'><strong>secundum</strong></span> <span class='ocrx_word' id='word_1_422' title='bbox 1300 2352 1549 2388; x_wconf 83' lang='lat' dir='ltr'><strong>recentiorum</strong></span> <span class='ocrx_word' id='word_1_423' title='bbox 1574 2351 1758 2388; x_wconf 82' lang='lat' dir='ltr'><strong>rationem</strong></span> 
     </span>
     <span class='ocr_line' id='line_1_40' title="bbox 186 2394 1758 2445; baseline 0.002 -14"><span class='ocrx_word' id='word_1_424' title='bbox 186 2405 211 2431; x_wconf 87' lang='lat' dir='ltr'><strong>a</strong></span> <span class='ocrx_word' id='word_1_425' title='bbox 234 2395 364 2432; x_wconf 88' lang='lat' dir='ltr'><strong>Bastio</strong></span> <span class='ocrx_word' id='word_1_426' title='bbox 388 2396 428 2443; x_wconf 90' lang='lat' dir='ltr'><strong>(p</strong></span> <span class='ocrx_word' id='word_1_427' title='bbox 447 2396 532 2442; x_wconf 83' lang='lat'>838)</span> <span class='ocrx_word' id='word_1_428' title='bbox 556 2394 793 2431; x_wconf 74' lang='lat' dir='ltr'><strong>observatam</strong></span> <span class='ocrx_word' id='word_1_429' title='bbox 818 2395 974 2432; x_wconf 81' lang='lat' dir='ltr'><strong>confusa</strong></span> <span class='ocrx_word' id='word_1_430' title='bbox 999 2407 1079 2434; x_wconf 89' lang='lat' dir='ltr'><strong>esse</strong></span> <span class='ocrx_word' id='word_1_431' title='bbox 1110 2398 1197 2435; x_wconf 90' lang='lat' dir='ltr'><strong>ideo</strong></span> <span class='ocrx_word' id='word_1_432' title='bbox 1219 2399 1352 2436; x_wconf 67' lang='lat' dir='ltr'><strong>‘minus</strong></span> <span class='ocrx_word' id='word_1_433' title='bbox 1384 2400 1623 2445; x_wconf 86' lang='lat' dir='ltr'><strong>crediderim,</strong></span> <span class='ocrx_word' id='word_1_434' title='bbox 1656 2398 1758 2444; x_wconf 88' lang='lat' dir='ltr'><strong>quod</strong></span> 
     </span>
     <span class='ocr_line' id='line_1_41' title="bbox 187 2443 1758 2494; baseline 0.003 -15"><span class='ocrx_word' id='word_1_435' title='bbox 187 2443 381 2489; x_wconf 85' lang='lat' dir='ltr'><strong>antiquius</strong></span> <span class='ocrx_word' id='word_1_436' title='bbox 416 2443 594 2479; x_wconf 88' lang='lat' dir='ltr'><strong>mendum</strong></span> <span class='ocrx_word' id='word_1_437' title='bbox 630 2443 779 2491; x_wconf 81' lang='lat' dir='ltr'><strong>videtur</strong></span> <span class='ocrx_word' id='word_1_438' title='bbox 815 2453 897 2479; x_wconf 86' lang='lat' dir='ltr'><strong>esse</strong></span> <span class='ocrx_word' id='word_1_439' title='bbox 934 2445 1066 2490; x_wconf 72' lang='grc' dir='ltr'>(οἶκον,</span> <span class='ocrx_word' id='word_1_440' title='bbox 1088 2446 1278 2494; x_wconf 85' lang='lat' dir='ltr'><strong>paraphr).</strong></span> <span class='ocrx_word' id='word_1_441' title='bbox 1328 2447 1386 2483; x_wconf 84' lang='lat' dir='ltr'><strong>En</strong></span> <span class='ocrx_word' id='word_1_442' title='bbox 1423 2447 1589 2494; x_wconf 85' lang='lat' dir='ltr'><strong>delphici</strong></span> <span class='ocrx_word' id='word_1_443' title='bbox 1623 2445 1758 2493; x_wconf 88' lang='lat' dir='ltr'><strong>templi</strong></span> 
     </span>
     <span class='ocr_line' id='line_1_42' title="bbox 186 2492 1686 2538; baseline 0.001 -10"><span class='ocrx_word' id='word_1_444' title='bbox 186 2493 348 2537; x_wconf 84' lang='grc' dir='ltr'>εὐτειχὲς</span> <span class='ocrx_word' id='word_1_445' title='bbox 370 2494 561 2537; x_wconf 87' lang='grc' dir='ltr'>πρόθυρον</span> <span class='ocrx_word' id='word_1_446' title='bbox 586 2493 752 2536; x_wconf 89' lang='grc' dir='ltr'>θαλάμου</span> <span class='ocrx_word' id='word_1_447' title='bbox 779 2492 817 2526; x_wconf 80' lang='lat' dir='ltr'><strong>et</strong></span> <span class='ocrx_word' id='word_1_448' title='bbox 840 2492 1041 2536; x_wconf 88' lang='grc' dir='ltr'>πρόςωπον</span> <span class='ocrx_word' id='word_1_449' title='bbox 1064 2496 1262 2538; x_wconf 79' lang='grc' dir='ltr'>τηλαυγές..</span> <span class='ocrx_word' id='word_1_450' title='bbox 1301 2494 1489 2531; x_wconf 86' lang='lat' dir='ltr'><strong>Vaticana</strong></span> <span class='ocrx_word' id='word_1_451' title='bbox 1512 2495 1625 2531; x_wconf 90' lang='lat' dir='ltr'><strong>lectio</strong></span> <span class='ocrx_word' id='word_1_452' title='bbox 1650 2496 1686 2531; x_wconf 77' lang='grc' dir='ltr'>οἳ</span> 
     </span>
     <span class='ocr_line' id='line_1_43' title="bbox 185 2538 1757 2622; baseline 0.003 -47"><span class='ocrx_word' id='word_1_453' title='bbox 185 2550 227 2576; x_wconf 89' lang='grc' dir='ltr'>τε</span> <span class='ocrx_word' id='word_1_454' title='bbox 269 2539 425 2586; x_wconf 90' lang='lat' dir='ltr'><strong>‘quippe</strong></span> <span class='ocrx_word' id='word_1_455' title='bbox 450 2539 547 2622; x_wconf 52' lang='lat' dir='ltr'><strong>qui]</strong></span> <span class='ocrx_word' id='word_1_456' title='bbox 572 2539 742 2585; x_wconf 88' lang='lat' dir='ltr'><strong>quamvis</strong></span> <span class='ocrx_word' id='word_1_457' title='bbox 767 2538 886 2574; x_wconf 88' lang='lat' dir='ltr'><strong>videri</strong></span> <span class='ocrx_word' id='word_1_458' title='bbox 910 2539 1031 2584; x_wconf 88' lang='lat' dir='ltr'><strong>possit</strong></span> <span class='ocrx_word' id='word_1_459' title='bbox 1056 2540 1106 2592; x_wconf 86' lang='lat' dir='ltr'><strong>ad</strong></span> <span class='ocrx_word' id='word_1_460' title='bbox 1137 2542 1365 2578; x_wconf 82' lang='lat' dir='ltr'><strong>sententiam</strong></span> <span class='ocrx_word' id='word_1_461' title='bbox 1394 2542 1470 2579; x_wconf 90' lang='lat' dir='ltr'><strong>loci</strong></span> <span class='ocrx_word' id='word_1_462' title='bbox 1500 2553 1581 2579; x_wconf 89' lang='lat' dir='ltr'><strong>esse</strong></span> <span class='ocrx_word' id='word_1_463' title='bbox 1611 2553 1757 2578; x_wconf 87' lang='lat' dir='ltr'><strong>accom-</strong></span> 
     </span>
     <span class='ocr_line' id='line_1_44' title="bbox 186 2586 1757 2636; baseline 0.002 -13"><span class='ocrx_word' id='word_1_464' title='bbox 186 2597 248 2623; x_wconf 90' lang='lat' dir='ltr'><strong>mo</strong></span> <span class='ocrx_word' id='word_1_465' title='bbox 277 2589 354 2633; x_wconf 85' lang='lat' dir='ltr'><strong>ata,</strong></span> <span class='ocrx_word' id='word_1_466' title='bbox 378 2588 523 2634; x_wconf 75' lang='lat' dir='ltr'><strong>partie-</strong></span> <span class='ocrx_word' id='word_1_467' title='bbox 545 2597 589 2623; x_wconf 81' lang='lat' dir='ltr'><strong>ae</strong></span> <span class='ocrx_word' id='word_1_468' title='bbox 613 2589 741 2624; x_wconf 84' lang='lat' dir='ltr'><strong>tamen</strong></span> <span class='ocrx_word' id='word_1_469' title='bbox 765 2586 988 2623; x_wconf 82' lang='lat' dir='ltr'><strong>traiectione</strong></span> <span class='ocrx_word' id='word_1_470' title='bbox 1013 2586 1187 2624; x_wconf 86' lang='lat' dir='ltr'><strong>inaudita</strong></span> <span class='ocrx_word' id='word_1_471' title='bbox 1211 2590 1314 2635; x_wconf 88' lang='lat' dir='ltr'><strong>(nam</strong></span> <span class='ocrx_word' id='word_1_472' title='bbox 1340 2591 1371 2627; x_wconf 84' lang='grc' dir='ltr'><strong>εἰ</strong></span> <span class='ocrx_word' id='word_1_473' title='bbox 1390 2592 1436 2636; x_wconf 81' lang='grc' dir='ltr'><strong>δὴ</strong></span> <span class='ocrx_word' id='word_1_474' title='bbox 1455 2591 1569 2635; x_wconf 83' lang='grc' dir='ltr'>τήνδε</span> <span class='ocrx_word' id='word_1_475' title='bbox 1586 2602 1628 2627; x_wconf 87' lang='grc' dir='ltr'>τε</span> <span class='ocrx_word' id='word_1_476' title='bbox 1647 2595 1757 2633; x_wconf 85' lang='grc' dir='ltr'>γαῖαν</span> 
     </span>
     <span class='ocr_line' id='line_1_45' title="bbox 188 2634 1756 2681; baseline 0.001 -10"><span class='ocrx_word' id='word_1_477' title='bbox 188 2636 348 2681; x_wconf 86' lang='grc' dir='ltr'>ἀνείρεαι</span> <span class='ocrx_word' id='word_1_478' title='bbox 366 2649 388 2672; x_wconf 94' lang='grc' dir='ltr'><strong>ν</strong></span> <span class='ocrx_word' id='word_1_479' title='bbox 408 2639 477 2671; x_wconf 81' lang='grc'><strong>238</strong></span> <span class='ocrx_word' id='word_1_480' title='bbox 498 2635 544 2671; x_wconf 90' lang='lat' dir='ltr'><strong>de</strong></span> <span class='ocrx_word' id='word_1_481' title='bbox 564 2635 655 2672; x_wconf 87' lang='lat' dir='ltr'><strong>vitio</strong></span> <span class='ocrx_word' id='word_1_482' title='bbox 675 2636 903 2681; x_wconf 88' lang='lat' dir='ltr'><strong>suspectum)</strong></span> <span class='ocrx_word' id='word_1_483' title='bbox 923 2634 1132 2670; x_wconf 85' lang='lat' dir='ltr'><strong>damnatur.</strong></span> <span class='ocrx_word' id='word_1_484' title='bbox 1172 2635 1345 2672; x_wconf 84' lang='lat' dir='ltr'><strong>Retinuit</strong></span> <span class='ocrx_word' id='word_1_485' title='bbox 1363 2638 1398 2674; x_wconf 86' lang='grc' dir='ltr'>οἳ</span> <span class='ocrx_word' id='word_1_486' title='bbox 1481 2650 1522 2675; x_wconf 92' lang='grc' dir='ltr'>τε</span> <span class='ocrx_word' id='word_1_487' title='bbox 1541 2638 1592 2673; x_wconf 85' lang='lat' dir='ltr'><strong>Er</strong></span> <span class='ocrx_word' id='word_1_488' title='bbox 1604 2637 1756 2674; x_wconf 86' lang='lat' dir='ltr'><strong>Schmid</strong></span> 
     </span>
     <span class='ocr_line' id='line_1_46' title="bbox 187 2681 1757 2731; baseline 0.002 -13"><span class='ocrx_word' id='word_1_489' title='bbox 187 2683 464 2719; x_wconf 87' lang='lat' dir='ltr'><strong>restrictionem</strong></span> <span class='ocrx_word' id='word_1_490' title='bbox 482 2684 604 2719; x_wconf 88' lang='lat' dir='ltr'><strong>inesse</strong></span> <span class='ocrx_word' id='word_1_491' title='bbox 623 2685 726 2719; x_wconf 88' lang='lat' dir='ltr'><strong>ratus</strong></span> <span class='ocrx_word' id='word_1_492' title='bbox 737 2683 904 2729; x_wconf 51' lang='lat' dir='ltr'><strong>g‘eorum</strong></span> <span class='ocrx_word' id='word_1_493' title='bbox 923 2681 1221 2727; x_wconf 74' lang='lat' dir='ltr'><strong>Atheniensium,</strong></span> <span class='ocrx_word' id='word_1_494' title='bbox 1241 2684 1350 2730; x_wconf 78' lang='lat' dir='ltr'><strong>qui’)‚</strong></span> <span class='ocrx_word' id='word_1_495' title='bbox 1368 2685 1542 2730; x_wconf 86' lang='lat' dir='ltr'><strong>pessime,</strong></span> <span class='ocrx_word' id='word_1_496' title='bbox 1560 2686 1632 2721; x_wconf 92' lang='lat' dir='ltr'><strong>hoc</strong></span> <span class='ocrx_word' id='word_1_497' title='bbox 1649 2696 1757 2731; x_wconf 87' lang='lat' dir='ltr'><strong>prae-</strong></span> 
     </span>
     <span class='ocr_line' id='line_1_47' title="bbox 188 2730 1756 2777; baseline 0.002 -11"><span class='ocrx_word' id='word_1_498' title='bbox 188 2730 319 2766; x_wconf 86' lang='lat' dir='ltr'><strong>sertim</strong></span> <span class='ocrx_word' id='word_1_499' title='bbox 343 2731 436 2767; x_wconf 91' lang='lat' dir='ltr'><strong>loco.</strong></span> <span class='ocrx_word' id='word_1_500' title='bbox 487 2731 585 2767; x_wconf 86' lang='lat' dir='ltr'><strong>Nam</strong></span> <span class='ocrx_word' id='word_1_501' title='bbox 611 2732 712 2777; x_wconf 89' lang='lat' dir='ltr'><strong>quod</strong></span> <span class='ocrx_word' id='word_1_502' title='bbox 736 2731 906 2767; x_wconf 79' lang='lat' dir='ltr'><strong>fecerunt</strong></span> <span class='ocrx_word' id='word_1_503' title='bbox 936 2730 1026 2764; x_wconf 87' lang='lat' dir='ltr'><strong>olim</strong></span> <span class='ocrx_word' id='word_1_504' title='bbox 1051 2730 1336 2776; x_wconf 85' lang='lat' dir='ltr'><strong>Alcmeonidae,</strong></span> <span class='ocrx_word' id='word_1_505' title='bbox 1362 2733 1655 2768; x_wconf 87' lang='lat' dir='ltr'><strong>Atheniensibus</strong></span> <span class='ocrx_word' id='word_1_506' title='bbox 1687 2733 1756 2769; x_wconf 91' lang='lat' dir='ltr'><strong>sci-</strong></span> 
     </span>
     <span class='ocr_line' id='line_1_48' title="bbox 186 2777 1756 2826; baseline 0.002 -13"><span class='ocrx_word' id='word_1_507' title='bbox 186 2777 279 2814; x_wconf 91' lang='lat' dir='ltr'><strong>licet</strong></span> <span class='ocrx_word' id='word_1_508' title='bbox 297 2778 458 2825; x_wconf 79' lang='lat' dir='ltr'><strong>Pythiae</strong></span> <span class='ocrx_word' id='word_1_509' title='bbox 483 2779 647 2826; x_wconf 66' lang='lat' dir='ltr'><strong>g-atiam</strong></span> <span class='ocrx_word' id='word_1_510' title='bbox 672 2779 927 2823; x_wconf 82' lang='lat' dir='ltr'><strong>conciliantes,</strong></span> <span class='ocrx_word' id='word_1_511' title='bbox 952 2777 1199 2813; x_wconf 89' lang='lat' dir='ltr'><strong>Athenienses</strong></span> <span class='ocrx_word' id='word_1_512' title='bbox 1224 2779 1268 2813; x_wconf 88' lang='lat' dir='ltr'><strong>ut</strong></span> <span class='ocrx_word' id='word_1_513' title='bbox 1286 2778 1546 2826; x_wconf 86' lang='lat' dir='ltr'><strong>liberarentur,</strong></span> <span class='ocrx_word' id='word_1_514' title='bbox 1572 2781 1613 2815; x_wconf 88' lang='lat' dir='ltr'><strong>id</strong></span> <span class='ocrx_word' id='word_1_515' title='bbox 1632 2781 1756 2816; x_wconf 87' lang='lat' dir='ltr'><strong>sinon</strong></span> 
     </span>
     <span class='ocr_line' id='line_1_49' title="bbox 187 2825 1756 2875; baseline 0.001 -13"><span class='ocrx_word' id='word_1_516' title='bbox 187 2825 329 2873; x_wconf 83' lang='lat' dir='ltr'><strong>populo</strong></span> <span class='ocrx_word' id='word_1_517' title='bbox 355 2831 424 2874; x_wconf 82' lang='grc' dir='ltr'><strong>(τῷ</strong></span> <span class='ocrx_word' id='word_1_518' title='bbox 451 2830 574 2875; x_wconf 81' lang='grc' dir='ltr'>δήμῳ,</span> <span class='ocrx_word' id='word_1_519' title='bbox 599 2833 656 2875; x_wconf 81' lang='grc' dir='ltr'>τῷ</span> <span class='ocrx_word' id='word_1_520' title='bbox 680 2830 805 2874; x_wconf 84' lang='grc' dir='ltr'>λάβρῳ</span> <span class='ocrx_word' id='word_1_521' title='bbox 830 2828 1006 2873; x_wconf 79' lang='grc' dir='ltr'>ςτρατῶ),</span> <span class='ocrx_word' id='word_1_522' title='bbox 1038 2827 1079 2861; x_wconf 76' lang='lat' dir='ltr'><strong>at</strong></span> <span class='ocrx_word' id='word_1_523' title='bbox 1102 2827 1229 2861; x_wconf 85' lang='lat' dir='ltr'><strong>tamen</strong></span> <span class='ocrx_word' id='word_1_524' title='bbox 1253 2825 1445 2862; x_wconf 88' lang='lat' dir='ltr'><strong>nobilitati</strong></span> <span class='ocrx_word' id='word_1_525' title='bbox 1471 2827 1756 2863; x_wconf 88' lang='lat' dir='ltr'><strong>Atheniensium</strong></span> 
     </span>
     <span class='ocr_line' id='line_1_50' title="bbox 189 2872 1755 2922; baseline 0.001 -12"><span class='ocrx_word' id='word_1_526' title='bbox 189 2873 392 2919; x_wconf 79' lang='grc' dir='ltr'>(Ἐρέχθέος</span> <span class='ocrx_word' id='word_1_527' title='bbox 417 2876 550 2922; x_wconf 88' lang='grc' dir='ltr'>ἀςτῶν,</span> <span class='ocrx_word' id='word_1_528' title='bbox 575 2874 616 2911; x_wconf 87' lang='lat' dir='ltr'><strong>cf</strong></span> <span class='ocrx_word' id='word_1_529' title='bbox 638 2877 785 2920; x_wconf 85' lang='grc' dir='ltr'>Κάδμου</span> <span class='ocrx_word' id='word_1_530' title='bbox 810 2878 954 2920; x_wconf 86' lang='grc' dir='ltr'>ςτρατῷ</span> <span class='ocrx_word' id='word_1_531' title='bbox 978 2873 995 2908; x_wconf 94' lang='grc' dir='ltr'>Ι</span> <span class='ocrx_word' id='word_1_532' title='bbox 1019 2872 1036 2908; x_wconf 96' lang='grc' dir='ltr'>Ῑ</span> <span class='ocrx_word' id='word_1_533' title='bbox 1057 2877 1112 2918; x_wconf 83' lang='grc'>11,</span> <span class='ocrx_word' id='word_1_534' title='bbox 1137 2873 1173 2908; x_wconf 89' lang='lat' dir='ltr'>N</span> <span class='ocrx_word' id='word_1_535' title='bbox 1196 2873 1213 2908; x_wconf 95' lang='lat' dir='ltr'>I</span> <span class='ocrx_word' id='word_1_536' title='bbox 1232 2876 1388 2919; x_wconf 82' lang='lat'>61—61)</span> <span class='ocrx_word' id='word_1_537' title='bbox 1419 2875 1608 2910; x_wconf 82' lang='lat' dir='ltr'><strong>condonat</strong></span> <span class='ocrx_word' id='word_1_538' title='bbox 1632 2879 1755 2921; x_wconf 83' lang='lat' dir='ltr'><strong>poeta,</strong></span> 
     </span>
     <span class='ocr_line' id='line_1_51' title="bbox 188 2921 1754 2968; baseline 0.001 -12"><span class='ocrx_word' id='word_1_539' title='bbox 188 2921 359 2957; x_wconf 87' lang='lat' dir='ltr'><strong>modesto</strong></span> <span class='ocrx_word' id='word_1_540' title='bbox 385 2923 550 2968; x_wconf 85' lang='lat' dir='ltr'><strong>quodam</strong></span> <span class='ocrx_word' id='word_1_541' title='bbox 576 2922 726 2959; x_wconf 87' lang='lat' dir='ltr'><strong>silentio</strong></span> <span class='ocrx_word' id='word_1_542' title='bbox 751 2935 858 2968; x_wconf 83' lang='lat' dir='ltr'><strong>usus,</strong></span> <span class='ocrx_word' id='word_1_543' title='bbox 889 2921 997 2967; x_wconf 86' lang='lat' dir='ltr'><strong>quasi</strong></span> <span class='ocrx_word' id='word_1_544' title='bbox 1022 2921 1117 2956; x_wconf 89' lang='lat' dir='ltr'><strong>nihil</strong></span> <span class='ocrx_word' id='word_1_545' title='bbox 1142 2921 1303 2967; x_wconf 87' lang='lat' dir='ltr'><strong>amplius</strong></span> <span class='ocrx_word' id='word_1_546' title='bbox 1328 2921 1386 2956; x_wconf 89' lang='lat' dir='ltr'><strong>illi</strong></span> <span class='ocrx_word' id='word_1_547' title='bbox 1417 2921 1610 2966; x_wconf 84' lang='lat' dir='ltr'><strong>fecissent,</strong></span> <span class='ocrx_word' id='word_1_548' title='bbox 1642 2934 1754 2968; x_wconf 76' lang='lat' dir='ltr'><strong>quam</strong></span> 
     </span>
     <span class='ocr_line' id='line_1_52' title="bbox 188 2968 1755 3016; baseline 0.001 -13"><span class='ocrx_word' id='word_1_549' title='bbox 188 2969 290 3013; x_wconf 86' lang='lat' dir='ltr'><strong>quod</strong></span> <span class='ocrx_word' id='word_1_550' title='bbox 329 2970 340 2988; x_wconf 89' lang='lat'><em>‘</em></span> <span class='ocrx_word' id='word_1_551' title='bbox 350 2969 683 3007; x_wconf 86' lang='lat' dir='ltr'><strong>Erechthidarum’</strong></span> <span class='ocrx_word' id='word_1_552' title='bbox 723 2971 845 3016; x_wconf 88' lang='lat' dir='ltr'><strong>quivis</strong></span> <span class='ocrx_word' id='word_1_553' title='bbox 882 2970 1004 3006; x_wconf 81' lang='lat' dir='ltr'><strong>facere</strong></span> <span class='ocrx_word' id='word_1_554' title='bbox 1040 2969 1207 3016; x_wconf 83' lang='lat' dir='ltr'><strong>potuisse</strong></span> <span class='ocrx_word' id='word_1_555' title='bbox 1244 2969 1441 3005; x_wconf 86' lang='lat' dir='ltr'><strong>videretur.</strong></span> <span class='ocrx_word' id='word_1_556' title='bbox 1470 2968 1631 3005; x_wconf 88' lang='lat' dir='ltr'><strong>·Verum</strong></span> <span class='ocrx_word' id='word_1_557' title='bbox 1671 2981 1755 3005; x_wconf 86' lang='lat' dir='ltr'><strong>eum</strong></span> 
     </span>
    </p>
   </div>
  </div>
 </body>
</html>
