2014 3360
261 212 348 254 488
738 185 751 199 '
788 208 989 245 PmDAm
1013 208 1316 251 FRAGMENTA

261 319 426 356 ἑαυτὸν
455 318 549 363 ὑπὲρ
578 319 668 353 τοὺς
698 318 810 362 ὄρους
838 320 907 362 τῆς
937 310 1173 362 ἀνθρωπίνης
1208 317 1354 362 φὺςεως
1384 315 1522 360 βαίνειν
1552 316 1676 353 ἀξιῶν.
1726 316 1826 353 Satis

260 366 379 402 libere
402 365 629 420 sententiam
654 364 876 448 Delsshicam
899 363 1062 419 Ifindaro
1086 365 1130 419 ut
1154 363 1215 400 eui
1245 363 1406 419 niaxinie
1438 362 1654 400 adamatam
1678 363 1734 411 (cf
1750 363 1770 400 I
1793 363 1828 400 V

264 417 405 450 11-14
429 414 468 450 et
491 414 642 459 mterpp
662 411 693 449 O
767 413 860 459 extr)
886 412 1187 448 circumscribere
1211 411 1319 448 Philo
1344 410 1502 448 videtur.

972 544 1100 600 †281

382 626 492 663 Philo
517 625 565 661 de
588 625 722 672 provid
739 624 774 661 Π
793 628 861 661 120
885 625 993 662 Auch
1011 625 1111 672 <vm
1137 629 1205 661 100
1230 625 1278 661 ed
1302 625 1408 671 Lps)2
1434 625 1512 662 Pro
1534 626 1667 662 honore
1690 625 1830 671 itaque,

260 678 306 712 uia
331 674 427 710 dixit
451 673 542 710 olim
558 672 755 718 Pindarus,
777 673 965 710 silentium
987 672 1240 711 laetabundus
1265 673 1478 719 suscipiam.
1528 670 1632 716 Quae
1655 673 1768 710 reete
1781 672 1831 710 ab

264 722 436 759 Auehero
467 721 586 757 latine
616 720 767 757 reddita
797 731 878 758 esse
907 722 1070 758 testatur
1100 719 1318 766 Conybeare
1342 720 1397 767 (ef
1423 720 1474 756 ad
1497 719 1533 756 fr
1552 721 1644 767 107).
1691 720 1831 757 Locum

267 770 524 806 Simonideum
548 770 662 815 (ςιγᾶς
691 768 889 805 ἀκίνδυνον
912 770 1024 814 γέρας
1047 768 1082 804 fr
1102 772 1146 804 66
1160 768 1223 815 13⁴)
1248 767 1398 804 Philoni
1427 778 1504 804 non
1532 767 1704 815 ignotum
1725 778 1831 804 aece-

266 817 380 853 dente
404 817 564 853 fortasse
588 815 779 852 Pindarici
803 817 891 862 (ἐφ’
914 816 979 853 ὅτε
1002 817 1204 852 πιςτοτάτα
1229 820 1328 859 ςιγᾶς
1346 816 1434 852 ὁδός
1451 815 1487 851 fr
1507 819 1586 860 180,
1599 817 1635 862 2)
1653 815 1833 851 memoria

264 875 463 911 perperam
480 863 644 900 Pindaro
663 863 828 900 adscribi
845 864 971 910 pabet3
990 863 1133 910 primus
1151 862 1248 899 vidit
1267 862 1314 899 de
1325 862 1578 899 Wilmowitz
1596 862 1663 899 ind
1676 862 1834 910 Gotting

267 916 371 959 1889,
390 916 435 948 22
449 924 485 948 n.

926 1006 1015 1050 282
1040 1005 1170 1066 (110)

693 1099 1119 1171 ἑκατοντορόγυι(ον)
1151 1100 1423 1161 ἀνδριά(ντα)

385 1209 551 1246 Philostr
573 1208 738 1255 Aponon
756 1207 864 1254 Tyan
881 1207 934 1243 VI
952 1210 998 1243 26
1017 1208 1057 1254 (p
1077 1210 1146 1243 128
1159 1207 1225 1255 11¹)
1251 1207 1299 1244 de
1317 1207 1397 1244 Nili
1414 1207 1599 1245 fontibus:
1624 1210 1743 1246 πολλὰ
1761 1210 1835 1255 γὰρ

267 1260 327 1294 καὶ
355 1259 440 1303 περὶ
470 1258 658 1302 δαιμόνων
689 1258 850 1302 ᾄδουςιν,
881 1255 944 1292 οἶα
974 1257 1034 1291 καί
1063 1256 1241 1302 Πινδάρῳ
1274 1257 1369 1292 κατὰ
1398 1257 1532 1302 ςοφίαν
1561 1258 1721 1302 ὕμνηται
1751 1258 1836 1302 περὶ

265 1309 335 1342 τοῦ
360 1305 547 1350 δαίμονος,
585 1305 629 1340 ὃν
660 1307 742 1340 ταῖς
768 1307 905 1348 πηγαῖς
927 1303 1080 1339 ταύταις
1115 1303 1300 1348 ἑφίςτηςιν
1335 1305 1429 1349 ὑπὲρ
1466 1307 1547 1349 ξυμ
1554 1304 1737 1350 μετρίας
1765 1307 1836 1340 τοῦ

269 1353 412 1389 Νείλου.
462 1352 603 1388 Locum
627 1349 826 1398 exscripsit
848 1349 947 1386 Phot
969 1349 1052 1385 bibl
1075 1361 1101 1396 p
1122 1353 1211 1386 331·
1237 1354 1271 1387 1.
1321 1350 1424 1394 Quae
1449 1351 1500 1389 sit
1523 1351 1724 1397 ξυμμετρία
1740 1364 1774 1388 τ.
1794 1352 1836 1388 Ν.

269 1400 381 1449 (<τῆς
405 1398 645 1447 ἀναβάςεως)
669 1411 704 1435 τ.
730 1399 796 1434 ΝΛ*
821 1396 961 1444 Bergk)
991 1397 1159 1434 ostendit
1187 1397 1353 1434 Philostr
1381 1399 1512 1447 imagg
1529 1399 1547 1435 Ι
1565 1402 1587 1435 5
1612 1400 1652 1446 (Ρ
1671 1402 1740 1435 383
1752 1398 1835 1446 K¹)=

268 1449 396 1485 Νεῖλος
419 1448 606 1491 Αἴγυπτον
630 1448 785 1491 πλωτὴν
809 1445 1055 1491 ὲργαςάμενος
1079 1446 1252 1493 εὐκάρπῳ
1275 1451 1323 1493 τῇ
1342 1451 1390 1493 γῇ
1415 1450 1568 1492 χρῆςθαι
1593 1448 1739 1483 δίδωςιν
1762 1447 1838 1483 ὑπὸ

266 1499 345 1532 τῶν
368 1495 510 1531 πεδίων
535 1494 720 1538 ἑκποθείς,
744 1493 786 1529 ὲν
810 1492 981 1540 Αἰθιοπίᾳ
1005 1493 1063 1539 δέ,
1087 1493 1176 1530 ὅθεν
1200 1495 1368 1540 ἄρχεται,
1397 1494 1560 1540 ταμίας
1590 1495 1713 1541 αὐτῷ
1744 1493 1836 1531 δαί·

269 1554 361 1586 μων
379 1543 646 1587 έφέςτηκεν,
664 1541 744 1586 ὑφ’
763 1540 815 1576 οὗ
833 1541 1054 1584 πέμπεται
1071 1544 1170 1577 ταῖς
1188 1542 1325 1586 ὥραις
1343 1543 1610 1587 ςύμμετρος·
1634 1542 1839 1586 γέγραπται

269 1591 310 1645 δὲ
335 1589 596 1634 οὐρανομήκης
619 1589 808 1631 ἑπινοῆςαι
833 1589 895 1626 καὶ
922 1589 991 1624 τὸν
1014 1589 1112 1624 πόδα
1136 1588 1310 1634 <ὲπ>έχει
1335 1589 1480 1635 (Iacobs
1512 1589 1547 1626 cl
1577 1589 1742 1625 Philostr
1772 1589 1839 1625 iun

269 1648 400 1721 {³325}
409 1634 842 1728 035032323431513·
855 1634 1136 1728 ‹3⁰¹ssssssssss-
1153 1638 1381 1730 wei?
1394 1637 1547 1730 ἒὶὶᾏκὲν
1562 1638 1763 1729 ἷᾶἓζξέοὲ
1780 1637 1840 1720 ,ἒὲῗ

272 1733 416 1776 ἔκχυςιν
439 1732 582 1775 πολλὴν
605 1734 763 1767 ποιεῖται
787 1731 917 1776 ὑγροῦ,
941 1732 1022 1775 ἥτις
1045 1730 1225 1768 εἰκάζεται
1247 1735 1304 1779 τῷ
1327 1733 1486 1778 νέκταρι.
1525 1733 1744 1777 Γανυμήδην
1767 1732 1840 1776 γὰρ

271 1780 388 1815 αὐτὸν
418 1779 576 1824 ἔφηςαν·
609 1777 645 1814 οἱ
669 1778 710 1814 δὲ
733 1778 804 1814 τὸν
833 1779 935 1824 παρὰ
969 1779 1148 1825 Πινδάρῳ
1178 1780 1564 1825 ἑκατοντόργυιον
1594 1778 1733 1827 (vulgo,
1758 1789 1841 1815 eon·

273 1825 412 1873 Bergk)
443 1825 709 1870 ἀνδριάντα,
744 1825 812 1868 ἀφ’
835 1826 880 1861 οῦ
903 1829 974 1871 τῆς
997 1826 1172 1871 κινήςεως
1200 1830 1279 1863 τῶν
1309 1829 1439 1864 ποδῶν
1469 1828 1538 1864 τὸν
1569 1828 1699 1863 Νεῖλον
1723 1829 1839 1871 πλημ-

274 1877 412 1917 μυρεῖν.
462 1871 662 1918 Porphyrii
685 1871 856 1908 libellum
880 1875 963 1918 περὶ
987 1877 1066 1910 τῶν
1097 1875 1191 1910 κατὰ
1219 1875 1411 1919 Πίνδαρον
1440 1878 1510 1911 τοῦ
1542 1875 1674 1911 Νείλου
1703 1877 1837 1919 πηγῶν

274 1931 295 1956 e
321 1919 439 1956 Suida
464 1919 595 1955 attulit
615 1919 778 1957 Boeekh.
815 1920 954 1967 Hymni
979 1920 1028 1968 (fr
1046 1925 1103 1968 36,
1127 1921 1168 1958 in
1191 1922 1316 1959 Iovem
1333 1921 1568 1969 Ammonem)
1587 1921 1840 1969 fragmentum

230 1986 233 1989 ⁴
276 1978 358 2004 esse
382 1967 559 2015 Harbung
582 1967 754 2005 coniecit.

939 2089 1027 2133 283
1053 2088 1180 2149 (111)

394 2169 559 2206 Boethus
584 2169 634 2205 ad
656 2169 744 2206 Plat
767 2170 848 2218 reip
866 2170 902 2206 11
921 2170 1010 2207 3'18‘l
1035 2181 1084 2218 ap
1108 2171 1207 2208 Phot
1230 2171 1306 2208 lex:
1333 2172 1466 2216 Ἥρας
1490 2172 1532 2208 δὲ
1556 2172 1746 2215 δεςμοὺς
1768 2171 1843 2207 ὑπὸ

275 2218 391 2266 υἱέος]
415 2219 518 2253 οὕτω
547 2219 750 2262 γραπτέον·
781 2219 882 2264 παρὰ
910 2220 1088 2265 Πινδάρῳ
1118 2221 1191 2264 γὰρ
1221 2220 1296 2255 ὑπὸ
1329 2219 1528 2264 Ἡφαίςτου
1559 2219 1771 2262 δεςμεύεται
1801 2219 1842 2254 ἐν

274 2270 330 2311 τῷ
366 2266 432 2301 ὑπ’
467 2266 584 2301 αὐτοῦ
620 2267 944 2303 καταςκευαςθέντι
980 2268 1117 2313 Θρόνῳ.
1166 2267 1188 2302 ὅ
1223 2277 1321 2302 τινες
1356 2266 1603 2310 ἀγνοήςαντες
1636 2265 1842 2310 γράφουςιν

278 2313 367 2348 (ὑπὸ
393 2312 510 2349 Διός’.
560 2312 620 2349 καί
644 2325 731 2358 φαςι
756 2315 908 2358 δεθῆναι
932 2314 1051 2358 αὐτὴν
1077 2314 1382 2357 ἑπιβουλεύςαςαν
1408 2314 1586 2359 Ἡρακλεῖ.
1624 2312 1780 2356 Κλήμης.
1817 2314 1841 2357 ἡ
1871 2317 1874 2319 ’

276 2360 416 2405 ἱςτορία
439 2360 661 2406 (Κλήμεντος
683 2363 708 2406 ἡ
734 2361 799 2397 ίςτ.
824 2360 932 2405 Phot,
958 2360 1158 2407 corrigitur
1183 2371 1204 2395 e
1223 2360 1353 2406 Sui-ia)
1378 2363 1438 2396 καὶ
1462 2361 1550 2404 παρ’
1574 2359 1781 2405 Ἐπιχάρμῳ
1800 2360 1841 2395 ἐν

278 2408 487 2451 Κωμαςταῖς
516 2410 540 2453 ἢ
567 2407 763 2454 Ἀφαίςτῳ.
811 2407 956 2444 Arisfid
978 2407 1014 2443 H
1038 2411 1126 2451 831,
1147 2410 1191 2442 19
1204 2407 1271 2442 ΒΚ
1301 2406 1470 2453 (laudato
1500 2405 1598 2443 Pind
1621 2405 1657 2441 fr
1675 2406 1751 2452 99):
1784 2408 1843 2442 καὶ
1878 2409 1882 2412 ’

278 2457 350 2499 μὴν
370 2456 434 2490 .καί
463 2457 535 2500 τὴν
558 2456 676 2500 Ἥραν
706 2457 871 2500 λέγουςιν
897 2457 949 2491 ὡς
973 2456 1087 2499 μόνος
1111 2453 1308 2502 (Bacchus)
1338 2457 1436 2490 θεῶν
1465 2459 1522 2500 τῷ
1553 2453 1622 2489 υἱεῖ
1653 2453 1843 2497 διήλλαξεν

278 2501 424 2542 κομίςας
447 2503 515 2538 τὸν
538 2503 742 2548 Ἥφαιςτον
767 2504 908 2538 ἄκοντα
931 2501 982 2537 εἰς
1005 2502 1074 2537 τὸν
1098 2502 1272 2547 οὐρανόν,
1297 2503 1357 2537 καί
1380 2502 1501 2537 ταῦτά
1518 2511 1562 2544 γε
1580 2501 1727 2536 ἀναθεὶς
1751 2501 1839 2546 ὄνῳ.

278 2547 448 2585 Alterum
471 2548 596 2585 locum
620 2549 762 2586 adiecit
785 2549 833 2585 de
856 2547 1109 2585 Wilamowitz
1134 2547 1292 2595 Getting
1314 2547 1461 2584 Naohrr
1486 2550 1590 2592 1895,
1609 2549 1690 2584 217.

917 2665 948 2711 ’2
961 2667 1050 2711 284
1075 2667 1202 2726 (141)

399 2748 510 2785 Schol
533 2748 616 2784 Ven
639 2750 671 2785 Ξ
690 2752 776 2785 319:
815 2750 909 2794 αὐτὴ
941 2751 983 2786 δὲ
1013 2749 1182 2796 (Danae),
1214 2751 1267 2785 ὥς
1299 2760 1387 2794 φηςι
1410 2748 1597 2794 Πίνδαρος
1634 2750 1693 2784 καὶ
1723 2748 1844 2794 ἕτεροί

279 2808 387 2842 τινες,
423 2797 571 2842 ἐφθάρη
607 2797 680 2832 ὑπὸ
716 2800 785 2833 τοο
821 2798 1087 2842 πατραδέλφου
1124 2799 1240 2841 αὐτῆς
1275 2797 1459 2841 Προίτου,
1496 2797 1584 2832 ὅθεν
1620 2796 1747 2832 αὐτοῖς
1783 2797 1843 2832 καί

281 2843 334 2892 (ἡ
391 2844 509 2879 ςτάςις
532 2844 694 2889 ἐκινήθη.
743 2843 907 2891 Apollod
931 2844 967 2879 Π
991 2848 1037 2880 34
1068 2838 1201 2879 eadem
1230 2853 1385 2879 narrans
1415 2842 1570 2878 Pindari
1600 2848 1735 2878 nomen
1765 2853 1841 2878 non

282 2891 333 2926 ha·
359 2891 399 2926 et
421 2891 488 2937 (ὡς
512 2891 602 2927 ἔνιοι
625 2892 826 2939 λέγουςιν),
855 2891 957 2937 quod
980 2902 1116 2928 nomen
1142 2901 1187 2927 ex
1210 2890 1258 2926 iis
1283 2901 1381 2936 quae
1405 2890 1496 2926 olim
1519 2889 1843 2936 subsequebantur

281 2939 348 2984 (ὡς
372 2939 413 2974 δὲ
439 2966 447 2974 .
469 2966 477 2974 .
500 2966 507 2974 .
533 2950 632 2985 φαςι,
667 2940 763 2977 Ζεὺς
799 2950 926 2985 μεταμ.
959 2940 1039 2986 κτλ)
1069 2938 1142 2976 huc
1173 2937 1342 2975 delatum
1372 2948 1453 2975 esse
1483 2937 1628 2975 conicio
1665 2937 1716 2974 cll
1745 2937 1842 2975 Pind
