2014 3360
281 2044 352 2079 476

221 2567 330 2610 ΟΠ

731 206 1102 244 PROLEGOLOENA
1125 206 1178 245 IV
1686 202 1742 253 57

380 319 430 364 ὲν
458 318 592 374 ταύτῃ
622 319 869 372 τελευτῆςαι
899 321 1073 373 EHQV.
1127 320 1262 362 Unam
1290 322 1502 363 victoriam
1531 321 1744 376 Olympiae

381 399 517 438 curru,
553 386 653 428 duas
689 399 791 438 equo
827 387 877 428 ab
912 386 1088 429 Hierone
1124 389 1263 439 partas
1299 399 1391 428 cum
1426 389 1596 429 testetur
1630 390 1745 442 epigr

381 467 432 506 ap
454 453 560 494 Paus
585 452 687 493 vm
711 454 781 503 42,
801 454 826 494 9
858 446 928 508 (nr
954 454 1060 495 126·
1081 448 1264 510 Preger),
1293 454 1471 495 curulem
1500 467 1595 495 vero
1619 454 1661 496 ol
1687 455 1742 496 73

381 533 405 561 a
443 519 591 561 Gelone
626 520 873 572 reportatam
908 531 993 560 esse
1019 520 1206 574 sonam,
1244 520 1427 572 plerique
1462 520 1584 561 verba
1619 519 1645 572 ἢ
1683 517 1745 561 ὡς

380 582 488 627 ἔνιοι
519 582 672 636 ἅρματι
703 598 751 626 ex
781 585 955 626 confusis
980 584 1143 626 Gelonis
1168 586 1210 626 et
1231 585 1421 627 Hieronis
1444 586 1624 627 victoriis
1647 588 1745 627 nata

379 664 465 694 esse
496 652 760 703 coniecerunt,
789 650 923 704 Bergk
953 651 1074 692 scribi
1103 651 1224 694 iussit
1252 650 1278 702 ἢ
1309 648 1371 692 ὡς
1401 648 1510 693 ἔνιοι
1534 643 1644 705 (τὴν
1669 646 1745 703 οζ’,

379 716 459 768 τὴν
478 715 528 759 δὲ
546 712 642 770 οη’>
661 714 824 767 ἅρματιἱ
869 716 948 757 Sed
964 717 1182 758 Hieronem
1200 716 1496 769 Syracusanum
1511 718 1747 770 priusquam

378 783 554 825 Aetnam
577 784 715 824 urbem
739 782 980 824 condidisset
1003 782 1214 835 Olympiae
1238 783 1381 825 vicisse
1405 783 1604 836 Didymus
1630 784 1746 826 testis

379 852 442 892 est
497 849 548 890 ad
601 850 882 903 gravissimum
937 851 1140 890 auctorem
1186 862 1408 902 provocans
1456 849 1747 903 Apollodorum

379 910 511 992 (schol
532 911 622 973 33),
645 913 746 957 τότε
764 912 847 966 γὰρ
868 913 923 967 ἦν
943 913 1232 966 Συρακούςιος
1251 913 1322 957 καὶ
1339 913 1443 957 οὐδὲ
1461 914 1518 967 ἦν
1536 914 1747 966 Αἰτναῖος,

378 983 570 1023 nimirum
599 983 647 1022 ut
674 995 725 1022 ne
747 983 884 1034 posset
907 980 1068 1034 quidem
1090 980 1294 1022 Aetnaeus
1317 982 1542 1022 renuntiari
1566 976 1747 1037 (Boeckh

380 1048 488 1101 expll
517 1062 544 1100 p
579 1049 683 1099 102,
720 1047 783 1088 Ed
812 1047 990 1089 Lfibbert
1024 1046 1095 1087 ind
1124 1046 1241 1088 Bonn
1274 1047 1388 1088 1886
1420 1061 1448 1100 p
1479 1042 1570 1104 VI).
1631 1047 1748 1090 Unde

380 1114 621 1167 olympiadis
645 1127 855 1155 numerum
874 1111 945 1155 ΟΓ
970 1126 1018 1154 ex
1043 1111 1109 1154 OF
1133 1115 1275 1154 natum
1299 1125 1384 1155 esse
1409 1126 1482 1155 suo
1505 1114 1592 1155 iure
1617 1114 1746 1166 suspi-

378 1183 491 1222 catus
521 1183 584 1221 est
606 1180 753 1234 Bergk,
782 1182 830 1221 ut
857 1180 952 1221 huic
979 1180 1115 1232 potius
1146 1193 1267 1231 quam
1297 1179 1417 1220 alteri
1445 1180 1638 1221 victoriae
1663 1192 1747 1220 car·

355 1260 471 1294 ,men
502 1246 801 1288 adscriberetur.
860 1246 922 1287 Ac
950 1246 1212 1287 Pherenicum
1245 1258 1392 1298 equum
1422 1245 1590 1298 Delphis
1620 1246 1747 1288 victo-

378 1326 465 1354 rem
495 1307 704 1368 (Ἀλφεὸν
735 1308 842 1364 παρ’
862 1309 1090 1363 εὐρυδίναν
1121 1308 1400 1353 ...Πυθῶνί
1430 1307 1474 1352 τ’
1498 1309 1548 1353 ἐν
1579 1303 1747 1366 ἀγαθέᾳ

379 1378 512 1420 Bacch
542 1378 582 1418 V
613 1380 683 1420 38.
703 1373 781 1435 41)
812 1379 927 1420 annis
958 1392 982 1419 a
1015 1377 1045 1419 C
1075 1379 1162 1419 482
1194 1379 1236 1418 et
1265 1379 1352 1418 478
1391 1371 1517 1433 (infra
1554 1377 1609 1418 ad
1640 1378 1748 1419 inscr

377 1444 411 1486 P
441 1440 525 1502 111)
570 1446 694 1486 etiam
730 1446 875 1486 aetatis
914 1457 1018 1486 anno
1053 1444 1155 1485 XIII
1189 1456 1240 1484 ne
1277 1443 1375 1495 quid
1411 1443 1542 1484 dicam
1583 1444 1747 1504 gravius

379 1505 508 1566 (472,
546 1513 587 1554 ol
621 1506 697 1567 77)
740 1507 976 1562 ἀκέντητον
1017 1510 1266 1562 superavisse
1309 1522 1427 1550 cursu
1466 1499 1747 1561 competitores

377 1591 523 1630 parum
553 1578 740 1619 credibile
770 1577 929 1619 videtur
966 1571 1029 1632 (cf
1055 1577 1178 1617 etiam
1207 1575 1459 1617 Fennellimn
1485 1574 1541 1615 ad
1570 1574 1605 1616 Ο
1635 1575 1658 1615 1
1690 1576 1746 1617 18

379 1645 421 1686 et
442 1643 478 1684 P
502 1644 577 1696 ΠΙ,
605 1644 841 1696 Kenyonem
868 1643 952 1685 edit
974 1643 1151 1695 Bacchyl
1179 1655 1212 1695 p
1240 1637 1329 1699 37).
1377 1642 1464 1683 Nec
1494 1643 1746 1683 contemnen-

379 1708 476 1750 dum
505 1710 620 1752 nobis
650 1710 810 1752 videtur
834 1709 941 1763 quod
955 1709 1199 1752 observavit
1226 1708 1432 1750 Hermann
1458 1702 1559 1763 (opp
1584 1707 1644 1748 VI
1669 1702 1747 1764 67)

379 1776 502 1816 verba
533 1773 571 1817 εἰ
601 1772 647 1817 δ’
664 1773 873 1826 ἀριστεύει
903 1774 982 1827 μὲν
1011 1773 1131 1826 ὕδωρ
1162 1769 1217 1831 (Ο
1235 1774 1299 1815 HI
1317 1768 1396 1830 42)
1424 1775 1520 1826 post
1548 1770 1747 1824 Ἀριςτον

380 1838 460 1891 μὲν
506 1838 625 1892 ὕδωρ
669 1842 802 1883 animo
845 1844 1037 1894 concepta
1079 1854 1181 1892 esse,
1223 1843 1271 1882 ut
1313 1841 1348 1882 si
1388 1842 1496 1881 recte
1538 1840 1611 1880 illa
1655 1841 1747 1880 ante

379 1905 420 1947 ο1
447 1908 516 1957 76,
534 1908 563 1947 4
588 1909 752 1949 cantata
781 1920 866 1949 esse
891 1899 1037 1949 statuit
1059 1907 1194 1961 Bergk
1221 1901 1268 1962 (v
1291 1907 1398 1946 infra
1423 1905 1474 1946 ad
1497 1906 1604 1947 inser
1621 1904 1655 1946 Ο
1674 1900 1748 1961 Π),

377 1971 476 2013 haec
500 1973 540 2012 ol
567 1974 622 2013 77
655 1973 876 2015 adscribere
907 1987 988 2015 non
1017 1974 1149 2015 liceat.
1212 1972 1486 2014 Celeberrimis
1515 1972 1642 2025 igitur
1665 1971 1748 2012 illis

383 2038 478 2078 anni
510 2040 596 2078 476
629 2038 828 2092 Olympiis
857 2042 953 2092 post
980 2041 1170 2081 barbaros
1199 2038 1454 2091 propulsatus
1485 2040 1527 2079 et
1555 2039 1649 2090 post
1677 2049 1747 2078 no·

379 2117 476 2144 vum
509 2116 679 2157 reg-num
711 2104 919 2157 Syracusis
955 2107 1225 2148 instauratum
1258 2104 1400 2157 primis
1431 2104 1467 2144 si
1495 2116 1577 2144 non
1606 2103 1747 2144 Hiero-

379 2181 472 2210 nem
497 2182 634 2223 regem
662 2164 726 2224 (ἓ
739 2170 992 2213 historiolam
1017 2186 1041 2213 a
1059 2171 1333 2224 Theophrasto
1358 2184 1409 2223 ap
1430 2169 1528 2210 Plut
1546 2169 1671 2210 Them
1692 2169 1746 2209 25

380 2230 610 2291 traditam),
647 2237 691 2276 at
719 2235 950 2284 Pindarum,
976 2240 1082 2279 certe
1117 2237 1345 2279 interfuisse
1375 2236 1462 2277 veri
1499 2235 1749 2278 simillimum

381 2303 443 2343 est
472 2294 520 2356 (v
550 2300 602 2340 ad
630 2301 737 2341 inscr
767 2300 801 2342 O
832 2298 969 2359 XIV),
1001 2306 1050 2345 ut
1078 2303 1341 2345 Pherenicum
1371 2301 1582 2355 Olympiae
1612 2301 1748 2343 decur-

379 2370 535 2409 rentem
564 2367 690 2407 oculis
702 2366 850 2410 videre
874 2362 929 2423 (O
954 2369 975 2408 I
1003 2371 1058 2410 18
1079 2365 1138 2426 ss)
1162 2372 1283 2422 poeta
1306 2369 1425 2410 facile
1454 2370 1601 2421 posset.
1646 2368 1749 2408 Tum

381 2446 539 2475 carmen
568 2433 612 2473 in
644 2432 783 2472 Sicilia
811 2437 1023 2485 praesente
1057 2438 1180 2488 poeta
1216 2437 1351 2477 actum
1381 2447 1466 2477 esse
1497 2448 1519 2476 e
1549 2447 1603 2475 vv
1635 2435 1690 2475 10
1708 2446 1748 2474 ss

383 2502 490 2542 recte
522 2499 736 2552 colligitur.

384 2565 557 2619 Θήρωνι
581 2561 896 2617 Ἀκραγαντίνψ
922 2561 1075 2615 ἅρματι
1099 2560 1246 2623 (inser)
1277 2569 1319 2609 et
1350 2563 1585 2617 νενικηκότι
1613 2561 1747 2616 (νική-

382 2626 520 2688 ςαντι)
549 2629 628 2682 τὴν
659 2624 720 2672 οῖ’
745 2624 974 2686 (numerum
999 2644 1064 2671 om
1088 2627 1149 2687 A)
1180 2630 1246 2673 ὀλ.
1278 2627 1446 2689 (scholl)
1476 2630 1569 2674 libri
1600 2642 1746 2672 omnes.

384 2698 511 2748 Quem
536 2710 745 2738 numerum
766 2697 916 2738 falsum
940 2709 1024 2737 esse
1050 2696 1194 2738 docent
1217 2699 1345 2739 scholl
1369 2700 1517 2740 Ambrr
1543 2699 1646 2738 168:
1677 2694 1747 2738 λέ·

382 2777 504 2816 γεται
542 2761 704 2819 steret?
735 2763 807 2804 scil
838 2759 863 2803 ὁ
894 2759 1018 2803 Πίνδ.
1044 2759 1320 2819 Drachmann)
1343 2763 1424 2814 τὴν
1449 2758 1640 2819 (Boeckh,
1669 2759 1749 2803 τὸν

384 2826 476 2888 cod)
507 2827 774 2881 Ἀκράγαντα
804 2829 1066 2882 πεντηκοστῇ
1094 2824 1160 2869 ὀλ.
1186 2826 1368 2870 ἐκτίςθαι
1400 2824 1610 2884 (Gerhard‚
1640 2824 1746 2870 ἐκτί-

384 2900 527 2940 θεςθαι
546 2891 656 2953 cod)·
681 2894 845 2938 ἐκεῖθεν
870 2892 918 2935 δὲ
944 2889 1042 2944 ἄχρι
1065 2893 1142 2944 τῆς
1164 2890 1372 2944 Θήρωνος
1396 2892 1514 2944 νίκης
1539 2892 1612 2946 ἔτη
1639 2890 1746 2936 εἶναι

384 2960 556 3014 ἑκατόν,
593 2961 643 3005 ἐν
679 2957 932 3014 ὀλυμπιάςιν
968 2953 1009 3016 (9
1042 2958 1255 3012 christoph
1281 2957 1507 3011 Schneider,
1537 2958 1587 3002 ἐν
1617 2957 1746 3010 ὀλυμ·
