<?xml version="1.0" encoding="UTF-8"?>
<!DOCTYPE html PUBLIC "-//W3C//DTD XHTML 1.0 Transitional//EN"
    "http://www.w3.org/TR/xhtml1/DTD/xhtml1-transitional.dtd">
<html xmlns="http://www.w3.org/1999/xhtml" xml:lang="en" lang="en">
 <head>
  <title>
</title>
<meta http-equiv="Content-Type" content="text/html;charset=utf-8" />
  <meta name='ocr-system' content='tesseract 3.04.00' />
  <meta name='ocr-capabilities' content='ocr_page ocr_carea ocr_par ocr_line ocrx_word'/>
</head>
<body>
  <div class='ocr_page' id='page_1' title='image "./pt1poetaelyricig01berguoft_0037.png"; bbox 0 0 2014 3360; ppageno 0'>
   <div class='ocr_carea' id='block_1_1' title="bbox 793 211 1806 254">
    <p class='ocr_par' dir='ltr' id='par_1_1' title="bbox 793 211 1806 254">
     <span class='ocr_line' id='line_1_1' title="bbox 793 211 1806 254; baseline 0.004 -4"><span class='ocrx_word' id='word_1_1' title='bbox 793 213 1167 252; x_wconf 75' lang='lat' dir='ltr'>PROLEGOMENA</span> <span class='ocrx_word' id='word_1_2' title='bbox 1190 213 1226 249; x_wconf 90' lang='lat'><strong>11</strong></span> <span class='ocrx_word' id='word_1_3' title='bbox 1747 211 1806 254; x_wconf 84' lang='grc'><strong>29</strong></span> 
     </span>
    </p>
   </div>
   <div class='ocr_carea' id='block_1_2' title="bbox 158 319 1811 2192">
    <p class='ocr_par' dir='ltr' id='par_1_2' title="bbox 158 319 1811 2192">
     <span class='ocr_line' id='line_1_2' title="bbox 213 319 1807 381; baseline -0.004 -10"><span class='ocrx_word' id='word_1_4' title='bbox 213 331 297 371; x_wconf 83' lang='lat' dir='ltr'><strong>tius</strong></span> <span class='ocrx_word' id='word_1_5' title='bbox 323 343 408 371; x_wconf 84' lang='lat' dir='ltr'><strong>esse</strong></span> <span class='ocrx_word' id='word_1_6' title='bbox 431 331 545 370; x_wconf 89' lang='lat' dir='ltr'><strong>ratus</strong></span> <span class='ocrx_word' id='word_1_7' title='bbox 569 329 639 370; x_wconf 88' lang='lat' dir='ltr'><strong>ubi</strong></span> <span class='ocrx_word' id='word_1_8' title='bbox 664 340 755 368; x_wconf 89' lang='lat' dir='ltr'><strong>cum</strong></span> <span class='ocrx_word' id='word_1_9' title='bbox 780 328 949 379; x_wconf 89' lang='lat' dir='ltr'><strong>antiqua</strong></span> <span class='ocrx_word' id='word_1_10' title='bbox 972 328 1167 368; x_wconf 89' lang='lat' dir='ltr'><strong>librorum</strong></span> <span class='ocrx_word' id='word_1_11' title='bbox 1192 327 1432 367; x_wconf 85' lang='lat' dir='ltr'><strong>auctoritate</strong></span> <span class='ocrx_word' id='word_1_12' title='bbox 1457 327 1594 379; x_wconf 87' lang='lat' dir='ltr'><strong>posset</strong></span> <span class='ocrx_word' id='word_1_13' title='bbox 1611 319 1665 381; x_wconf 89' lang='lat' dir='ltr'><strong>(P</strong></span> <span class='ocrx_word' id='word_1_14' title='bbox 1678 325 1717 364; x_wconf 90' lang='lat' dir='ltr'><strong>V</strong></span> <span class='ocrx_word' id='word_1_15' title='bbox 1737 325 1807 375; x_wconf 83' lang='lat'><strong>33,</strong></span> 
     </span>
     <span class='ocr_line' id='line_1_3' title="bbox 213 389 1807 451; baseline -0.004 -14"><span class='ocrx_word' id='word_1_16' title='bbox 213 397 254 436; x_wconf 76' lang='lat' dir='ltr'>N</span> <span class='ocrx_word' id='word_1_17' title='bbox 276 396 336 437; x_wconf 86' lang='lat' dir='ltr'><strong>XI</strong></span> <span class='ocrx_word' id='word_1_18' title='bbox 363 397 431 447; x_wconf 88' lang='lat'><strong>10,</strong></span> <span class='ocrx_word' id='word_1_19' title='bbox 460 396 499 436; x_wconf 85' lang='lat' dir='ltr'><strong>fr</strong></span> <span class='ocrx_word' id='word_1_20' title='bbox 526 392 632 451; x_wconf 94' lang='grc'>171)</span> <span class='ocrx_word' id='word_1_21' title='bbox 657 393 911 435; x_wconf 87' lang='lat' dir='ltr'><strong>retinendum</strong></span> <span class='ocrx_word' id='word_1_22' title='bbox 942 393 1056 433; x_wconf 86' lang='lat' dir='ltr'><strong>duxit</strong></span> <span class='ocrx_word' id='word_1_23' title='bbox 1086 393 1238 446; x_wconf 84' lang='lat' dir='ltr'><strong>Bergk3</strong></span> <span class='ocrx_word' id='word_1_24' title='bbox 1273 392 1322 433; x_wconf 91' lang='lat' dir='ltr'><strong>de</strong></span> <span class='ocrx_word' id='word_1_25' title='bbox 1353 393 1475 433; x_wconf 89' lang='lat' dir='ltr'><strong>verbo</strong></span> <span class='ocrx_word' id='word_1_26' title='bbox 1507 389 1684 432; x_wconf 87' lang='grc' dir='ltr'>ςιωπάω</span> <span class='ocrx_word' id='word_1_27' title='bbox 1714 390 1807 432; x_wconf 79' lang='lat' dir='ltr'><strong>vide</strong></span> 
     </span>
     <span class='ocr_line' id='line_1_4' title="bbox 213 453 1807 520; baseline -0.003 -17"><span class='ocrx_word' id='word_1_28' title='bbox 213 475 242 503; x_wconf 88' lang='lat' dir='ltr'><strong>n</strong></span> <span class='ocrx_word' id='word_1_29' title='bbox 272 474 315 503; x_wconf 88' lang='lat' dir='ltr'><strong>cr</strong></span> <span class='ocrx_word' id='word_1_30' title='bbox 346 462 397 502; x_wconf 85' lang='lat' dir='ltr'><strong>ad</strong></span> <span class='ocrx_word' id='word_1_31' title='bbox 426 461 461 502; x_wconf 92' lang='grc' dir='ltr'>Ο</span> <span class='ocrx_word' id='word_1_32' title='bbox 492 461 593 502; x_wconf 88' lang='lat' dir='ltr'><strong>XIII</strong></span> <span class='ocrx_word' id='word_1_33' title='bbox 625 462 694 502; x_wconf 88' lang='grc'><strong>91.</strong></span> <span class='ocrx_word' id='word_1_34' title='bbox 756 459 867 508; x_wconf 81' lang='lat' dir='ltr'><strong>Quae</strong></span> <span class='ocrx_word' id='word_1_35' title='bbox 905 462 1112 513; x_wconf 85' lang='lat' dir='ltr'><strong>praeterea</strong></span> <span class='ocrx_word' id='word_1_36' title='bbox 1142 460 1222 500; x_wconf 89' lang='lat' dir='ltr'><strong>huc</strong></span> <span class='ocrx_word' id='word_1_37' title='bbox 1256 460 1393 500; x_wconf 82' lang='lat' dir='ltr'><strong>vocari</strong></span> <span class='ocrx_word' id='word_1_38' title='bbox 1431 459 1578 510; x_wconf 79' lang='lat' dir='ltr'><strong>solent,</strong></span> <span class='ocrx_word' id='word_1_39' title='bbox 1615 453 1807 520; x_wconf 53' lang='lat' dir='ltr'><strong>’Akvgqjl</strong></span> 
     </span>
     <span class='ocr_line' id='line_1_5' title="bbox 214 524 1808 591; baseline -0.003 -22"><span class='ocrx_word' id='word_1_40' title='bbox 214 528 248 569; x_wconf 95' lang='grc' dir='ltr'>Ο</span> <span class='ocrx_word' id='word_1_41' title='bbox 278 528 338 569; x_wconf 91' lang='lat' dir='ltr'><strong>IX</strong></span> <span class='ocrx_word' id='word_1_42' title='bbox 372 529 441 579; x_wconf 89' lang='lat'><strong>18,</strong></span> <span class='ocrx_word' id='word_1_43' title='bbox 471 526 643 583; x_wconf 60' lang='grc' dir='ltr'>γενρψν</span> <span class='ocrx_word' id='word_1_44' title='bbox 675 525 812 583; x_wconf 61' lang='grc' dir='ltr'>πνέρν</span> <span class='ocrx_word' id='word_1_45' title='bbox 842 526 877 566; x_wconf 90' lang='lat' dir='ltr'>P</span> <span class='ocrx_word' id='word_1_46' title='bbox 901 526 962 566; x_wconf 88' lang='lat' dir='ltr'><strong>IV</strong></span> <span class='ocrx_word' id='word_1_47' title='bbox 989 527 1087 578; x_wconf 89' lang='lat'><strong>225,</strong></span> <span class='ocrx_word' id='word_1_48' title='bbox 1120 524 1263 579; x_wconf 85' lang='grc' dir='ltr'>Νεμέᾳ</span> <span class='ocrx_word' id='word_1_49' title='bbox 1286 526 1327 565; x_wconf 80' lang='lat' dir='ltr'>N</span> <span class='ocrx_word' id='word_1_50' title='bbox 1350 525 1411 564; x_wconf 88' lang='lat' dir='ltr'><strong>IV</strong></span> <span class='ocrx_word' id='word_1_51' title='bbox 1438 526 1507 576; x_wconf 88' lang='grc'><strong>75,</strong></span> <span class='ocrx_word' id='word_1_52' title='bbox 1537 524 1679 591; x_wconf 53' lang='lat' dir='ltr'><strong>nolet}</strong></span> <span class='ocrx_word' id='word_1_53' title='bbox 1704 526 1742 565; x_wconf 90' lang='lat' dir='ltr'>X</span> <span class='ocrx_word' id='word_1_54' title='bbox 1769 527 1808 575; x_wconf 88' lang='lat'><strong>6,</strong></span> 
     </span>
     <span class='ocr_line' id='line_1_6' title="bbox 213 582 1806 656; baseline -0.002 -15"><span class='ocrx_word' id='word_1_55' title='bbox 213 599 425 656; x_wconf 49' lang='lat' dir='ltr'><strong>vagense</strong></span> <span class='ocrx_word' id='word_1_56' title='bbox 455 601 494 640; x_wconf 78' lang='lat' dir='ltr'><strong>fr</strong></span> <span class='ocrx_word' id='word_1_57' title='bbox 526 601 602 651; x_wconf 87' lang='lat'><strong>51,</strong></span> <span class='ocrx_word' id='word_1_58' title='bbox 645 598 797 656; x_wconf 60' lang='lat' dir='ltr'><strong>aegia,</strong></span> <span class='ocrx_word' id='word_1_59' title='bbox 836 598 970 653; x_wconf 50' lang='lat' dir='ltr'><strong>egem,</strong></span> <span class='ocrx_word' id='word_1_60' title='bbox 1008 598 1095 652; x_wconf 77' lang='grc' dir='ltr'><strong>θεῷ</strong></span> <span class='ocrx_word' id='word_1_61' title='bbox 1132 597 1166 638; x_wconf 94' lang='lat' dir='ltr'><strong>o</strong></span> <span class='ocrx_word' id='word_1_62' title='bbox 1197 582 1244 637; x_wconf 70' lang='lat' dir='ltr'>s</span> <span class='ocrx_word' id='word_1_63' title='bbox 1250 598 1325 648; x_wconf 86' lang='lat'><strong>39,</strong></span> <span class='ocrx_word' id='word_1_64' title='bbox 1362 596 1464 637; x_wconf 84' lang='lat' dir='ltr'><strong>xm</strong></span> <span class='ocrx_word' id='word_1_65' title='bbox 1497 598 1573 649; x_wconf 86' lang='lat'><strong>83,</strong></span> <span class='ocrx_word' id='word_1_66' title='bbox 1609 597 1650 637; x_wconf 78' lang='lat' dir='ltr'>N</span> <span class='ocrx_word' id='word_1_67' title='bbox 1680 598 1718 638; x_wconf 85' lang='lat' dir='ltr'><strong>x</strong></span> <span class='ocrx_word' id='word_1_68' title='bbox 1750 598 1806 642; x_wconf 58' lang='lat'><strong>31,</strong></span> 
     </span>
     <span class='ocr_line' id='line_1_7' title="bbox 214 655 1808 728; baseline -0.003 -15"><span class='ocrx_word' id='word_1_69' title='bbox 214 667 284 728; x_wconf 88' lang='lat' dir='ltr'><strong>(de</strong></span> <span class='ocrx_word' id='word_1_70' title='bbox 315 669 467 725; x_wconf 86' lang='grc' dir='ltr'>Πυθέᾳ</span> <span class='ocrx_word' id='word_1_71' title='bbox 497 685 621 724; x_wconf 87' lang='lat' dir='ltr'><strong>supra</strong></span> <span class='ocrx_word' id='word_1_72' title='bbox 652 670 678 724; x_wconf 69' lang='grc' dir='ltr'>ξ</span> <span class='ocrx_word' id='word_1_73' title='bbox 705 667 784 727; x_wconf 87' lang='grc'><strong>47)</strong></span> <span class='ocrx_word' id='word_1_74' title='bbox 821 665 955 712; x_wconf 86' lang='lat' dir='ltr'><strong>nescio</strong></span> <span class='ocrx_word' id='word_1_75' title='bbox 994 655 1224 711; x_wconf 41' lang='lat' dir='ltr'><strong>anvrectius</strong></span> <span class='ocrx_word' id='word_1_76' title='bbox 1262 670 1312 710; x_wconf 90' lang='lat' dir='ltr'><strong>ad</strong></span> <span class='ocrx_word' id='word_1_77' title='bbox 1350 669 1654 710; x_wconf 88' lang='lat' dir='ltr'><strong>insolentiorem</strong></span> <span class='ocrx_word' id='word_1_78' title='bbox 1690 683 1808 710; x_wconf 88' lang='lat' dir='ltr'><strong>voca-</strong></span> 
     </span>
     <span class='ocr_line' id='line_1_8' title="bbox 158 728 1809 798; baseline -0.001 -13"><span class='ocrx_word' id='word_1_79' title='bbox 158 767 160 769; x_wconf 60' lang='lat'>&gt;</span> <span class='ocrx_word' id='word_1_80' title='bbox 213 745 315 785; x_wconf 87' lang='lat' dir='ltr'><strong>lium</strong></span> <span class='ocrx_word' id='word_1_81' title='bbox 346 728 661 785; x_wconf 60' lang='lat' dir='ltr'><strong>contractionem</strong></span> <span class='ocrx_word' id='word_1_82' title='bbox 689 746 938 785; x_wconf 83' lang='lat' dir='ltr'><strong>revocentur.</strong></span> <span class='ocrx_word' id='word_1_83' title='bbox 994 743 1129 784; x_wconf 86' lang='lat' dir='ltr'><strong>Dubia</strong></span> <span class='ocrx_word' id='word_1_84' title='bbox 1160 743 1256 783; x_wconf 82' lang='lat' dir='ltr'><strong>sunt</strong></span> <span class='ocrx_word' id='word_1_85' title='bbox 1277 738 1383 798; x_wconf 63' lang='grc' dir='ltr'><strong>τςᾴν</strong></span> <span class='ocrx_word' id='word_1_86' title='bbox 1408 741 1448 781; x_wconf 85' lang='lat' dir='ltr'>N</span> <span class='ocrx_word' id='word_1_87' title='bbox 1465 741 1526 781; x_wconf 89' lang='lat' dir='ltr'><strong>IV</strong></span> <span class='ocrx_word' id='word_1_88' title='bbox 1548 742 1617 793; x_wconf 90' lang='grc'>78,</span> <span class='ocrx_word' id='word_1_89' title='bbox 1647 742 1809 798; x_wconf 67' lang='grc' dir='ltr'>τςςιῖςιν</span> 
     </span>
     <span class='ocr_line' id='line_1_9' title="bbox 213 799 1810 866; baseline -0.001 -16"><span class='ocrx_word' id='word_1_90' title='bbox 213 809 236 850; x_wconf 95' lang='lat'>1</span> <span class='ocrx_word' id='word_1_91' title='bbox 264 810 347 850; x_wconf 78' lang='lat' dir='ltr'><strong>vn</strong></span> <span class='ocrx_word' id='word_1_92' title='bbox 368 799 454 861; x_wconf 66' lang='lat' dir='ltr'><strong>so,</strong></span> <span class='ocrx_word' id='word_1_93' title='bbox 496 811 567 851; x_wconf 79' lang='lat' dir='ltr'><strong>ubi</strong></span> <span class='ocrx_word' id='word_1_94' title='bbox 610 812 682 851; x_wconf 72' lang='lat' dir='ltr'><strong>aut</strong></span> <span class='ocrx_word' id='word_1_95' title='bbox 725 805 767 866; x_wconf 71' lang='grc' dir='ltr'><strong>(ο</strong></span> <span class='ocrx_word' id='word_1_96' title='bbox 803 810 1036 851; x_wconf 73' lang='lat' dir='ltr'><strong>Hermanno</strong></span> <span class='ocrx_word' id='word_1_97' title='bbox 1078 804 1214 865; x_wconf 85' lang='lat'>1798)</span> <span class='ocrx_word' id='word_1_98' title='bbox 1259 807 1337 851; x_wconf 77' lang='grc' dir='ltr'><strong>εάν</strong></span> <span class='ocrx_word' id='word_1_99' title='bbox 1375 810 1416 849; x_wconf 75' lang='lat' dir='ltr'><strong>et</strong></span> <span class='ocrx_word' id='word_1_100' title='bbox 1459 809 1594 850; x_wconf 72' lang='grc' dir='ltr'>εαῑειν</span> <span class='ocrx_word' id='word_1_101' title='bbox 1635 809 1810 850; x_wconf 69' lang='lat' dir='ltr'><strong>conicias</strong></span> 
     </span>
     <span class='ocr_line' id='line_1_10' title="bbox 215 870 1810 933; baseline -0.001 -16"><span class='ocrx_word' id='word_1_102' title='bbox 215 871 285 933; x_wconf 90' lang='lat' dir='ltr'><strong>(de</strong></span> <span class='ocrx_word' id='word_1_103' title='bbox 328 877 580 929; x_wconf 86' lang='lat' dir='ltr'><strong>sigmatismo</strong></span> <span class='ocrx_word' id='word_1_104' title='bbox 623 877 661 917; x_wconf 86' lang='lat' dir='ltr'><strong>cl</strong></span> <span class='ocrx_word' id='word_1_105' title='bbox 702 876 832 918; x_wconf 88' lang='lat' dir='ltr'><strong>Paulo</strong></span> <span class='ocrx_word' id='word_1_106' title='bbox 875 877 1005 917; x_wconf 85' lang='lat' dir='ltr'><strong>Harre</strong></span> <span class='ocrx_word' id='word_1_107' title='bbox 1048 876 1171 918; x_wconf 80' lang='lat' dir='ltr'><strong>verbb</strong></span> <span class='ocrx_word' id='word_1_108' title='bbox 1207 875 1241 915; x_wconf 91' lang='lat' dir='ltr'>P</span> <span class='ocrx_word' id='word_1_109' title='bbox 1263 876 1406 916; x_wconf 80' lang='lat' dir='ltr'><strong>&#39;colloc</strong></span> <span class='ocrx_word' id='word_1_110' title='bbox 1444 870 1492 930; x_wconf 82' lang='lat'><strong>6)</strong></span> <span class='ocrx_word' id='word_1_111' title='bbox 1536 877 1608 915; x_wconf 81' lang='lat' dir='ltr'><strong>aut</strong></span> <span class='ocrx_word' id='word_1_112' title='bbox 1650 876 1810 916; x_wconf 86' lang='lat' dir='ltr'><strong>vocales</strong></span> 
     </span>
     <span class='ocr_line' id='line_1_11' title="bbox 215 934 1810 999; baseline 0 -16"><span class='ocrx_word' id='word_1_113' title='bbox 215 943 410 984; x_wconf 75' lang='lat' dir='ltr'><strong>coaluisse</strong></span> <span class='ocrx_word' id='word_1_114' title='bbox 441 945 617 995; x_wconf 84' lang='lat' dir='ltr'><strong>statuas;</strong></span> <span class='ocrx_word' id='word_1_115' title='bbox 651 957 748 984; x_wconf 88' lang='lat' dir='ltr'><strong>nam</strong></span> <span class='ocrx_word' id='word_1_116' title='bbox 776 934 920 999; x_wconf 83' lang='grc' dir='ltr'>τ(ε-)ὃν</span> <span class='ocrx_word' id='word_1_117' title='bbox 944 942 1146 983; x_wconf 83' lang='lat' dir='ltr'><strong>Praxillae</strong></span> <span class='ocrx_word' id='word_1_118' title='bbox 1176 943 1214 982; x_wconf 83' lang='lat' dir='ltr'><strong>fi·</strong></span> <span class='ocrx_word' id='word_1_119' title='bbox 1242 944 1280 994; x_wconf 86' lang='lat'><strong>1,</strong></span> <span class='ocrx_word' id='word_1_120' title='bbox 1311 942 1363 982; x_wconf 87' lang='lat' dir='ltr'><strong>ad</strong></span> <span class='ocrx_word' id='word_1_121' title='bbox 1394 940 1502 994; x_wconf 90' lang='lat' dir='ltr'><strong>quod</strong></span> <span class='ocrx_word' id='word_1_122' title='bbox 1532 943 1686 995; x_wconf 88' lang='lat' dir='ltr'><strong>primus</strong></span> <span class='ocrx_word' id='word_1_123' title='bbox 1718 955 1810 995; x_wconf 91' lang='lat' dir='ltr'><strong>pro-</strong></span> 
     </span>
     <span class='ocr_line' id='line_1_12' title="bbox 214 1009 1810 1064; baseline -0.001 -14"><span class='ocrx_word' id='word_1_124' title='bbox 214 1010 378 1050; x_wconf 84' lang='lat' dir='ltr'><strong>vocavit</strong></span> <span class='ocrx_word' id='word_1_125' title='bbox 407 1009 616 1050; x_wconf 77' lang='lat' dir='ltr'><strong>Hermann</strong></span> <span class='ocrx_word' id='word_1_126' title='bbox 645 1023 727 1064; x_wconf 88' lang='lat' dir='ltr'><strong>opp</strong></span> <span class='ocrx_word' id='word_1_127' title='bbox 757 1009 780 1049; x_wconf 96' lang='grc' dir='ltr'>Ῑ</span> <span class='ocrx_word' id='word_1_128' title='bbox 812 1010 918 1061; x_wconf 87' lang='grc'>253,</span> <span class='ocrx_word' id='word_1_129' title='bbox 956 1010 1139 1062; x_wconf 76' lang='lat' dir='ltr'><strong>quamvis</strong></span> <span class='ocrx_word' id='word_1_130' title='bbox 1176 1009 1531 1062; x_wconf 84' lang='lat' dir='ltr'><strong>grammaticorum</strong></span> <span class='ocrx_word' id='word_1_131' title='bbox 1566 1009 1810 1049; x_wconf 79' lang='lat' dir='ltr'><strong>testimoniis</strong></span> 
     </span>
     <span class='ocr_line' id='line_1_13' title="bbox 214 1075 1810 1130; baseline -0.001 -14"><span class='ocrx_word' id='word_1_132' title='bbox 214 1076 314 1116; x_wconf 82' lang='lat' dir='ltr'><strong>satis</strong></span> <span class='ocrx_word' id='word_1_133' title='bbox 338 1076 577 1127; x_wconf 81' lang='lat' dir='ltr'><strong>stabilitum,</strong></span> <span class='ocrx_word' id='word_1_134' title='bbox 605 1077 744 1117; x_wconf 87' lang='lat' dir='ltr'><strong>tamen</strong></span> <span class='ocrx_word' id='word_1_135' title='bbox 772 1078 939 1130; x_wconf 87' lang='lat' dir='ltr'><strong>propter</strong></span> <span class='ocrx_word' id='word_1_136' title='bbox 969 1076 1122 1117; x_wconf 84' lang='lat' dir='ltr'><strong>formae</strong></span> <span class='ocrx_word' id='word_1_137' title='bbox 1152 1075 1477 1129; x_wconf 74' lang='lat' dir='ltr'><strong>singularitatem</strong></span> <span class='ocrx_word' id='word_1_138' title='bbox 1505 1075 1550 1115; x_wconf 92' lang='lat' dir='ltr'><strong>in</strong></span> <span class='ocrx_word' id='word_1_139' title='bbox 1576 1076 1693 1115; x_wconf 85' lang='lat' dir='ltr'><strong>tanta</strong></span> <span class='ocrx_word' id='word_1_140' title='bbox 1718 1088 1810 1130; x_wconf 84' lang='lat' dir='ltr'><strong>pro-</strong></span> 
     </span>
     <span class='ocr_line' id='line_1_14' title="bbox 213 1141 1810 1196; baseline -0.001 -14"><span class='ocrx_word' id='word_1_141' title='bbox 213 1142 388 1183; x_wconf 90' lang='lat' dir='ltr'><strong>nominis</strong></span> <span class='ocrx_word' id='word_1_142' title='bbox 418 1142 646 1194; x_wconf 71' lang='lat' dir='ltr'><strong>frequentia.</strong></span> <span class='ocrx_word' id='word_1_143' title='bbox 676 1143 918 1196; x_wconf 87' lang='lat' dir='ltr'><strong>suspectum.</strong></span> <span class='ocrx_word' id='word_1_144' title='bbox 974 1141 1166 1195; x_wconf 76' lang='lat' dir='ltr'><strong>Sequitur</strong></span> <span class='ocrx_word' id='word_1_145' title='bbox 1188 1143 1237 1181; x_wconf 90' lang='lat' dir='ltr'><strong>ut</strong></span> <span class='ocrx_word' id='word_1_146' title='bbox 1260 1141 1391 1182; x_wconf 88' lang='lat' dir='ltr'><strong>simile</strong></span> <span class='ocrx_word' id='word_1_147' title='bbox 1415 1141 1610 1181; x_wconf 88' lang='lat' dir='ltr'><strong>iudicium</strong></span> <span class='ocrx_word' id='word_1_148' title='bbox 1633 1142 1810 1182; x_wconf 82' lang='lat' dir='ltr'><strong>feramus</strong></span> 
     </span>
     <span class='ocr_line' id='line_1_15' title="bbox 216 1202 1809 1263; baseline 0 -15"><span class='ocrx_word' id='word_1_149' title='bbox 216 1207 265 1248; x_wconf 85' lang='lat' dir='ltr'><strong>de</strong></span> <span class='ocrx_word' id='word_1_150' title='bbox 296 1207 396 1250; x_wconf 86' lang='grc' dir='ltr'>Θεὸς</span> <span class='ocrx_word' id='word_1_151' title='bbox 428 1205 625 1260; x_wconf 74' lang='grc' dir='ltr'>ὀρθωτὴρ</span> <span class='ocrx_word' id='word_1_152' title='bbox 656 1208 695 1248; x_wconf 76' lang='lat' dir='ltr'><strong>P:</strong></span> <span class='ocrx_word' id='word_1_153' title='bbox 720 1208 743 1248; x_wconf 91' lang='lat'>1</span> <span class='ocrx_word' id='word_1_154' title='bbox 775 1209 847 1261; x_wconf 83' lang='grc'>56,</span> <span class='ocrx_word' id='word_1_155' title='bbox 876 1209 948 1250; x_wconf 88' lang='lat' dir='ltr'><strong>ubi</strong></span> <span class='ocrx_word' id='word_1_156' title='bbox 978 1209 1152 1262; x_wconf 83' lang='lat' dir='ltr'><strong>ingeniis</strong></span> <span class='ocrx_word' id='word_1_157' title='bbox 1183 1207 1446 1249; x_wconf 85' lang='lat' dir='ltr'><strong>coniectando</strong></span> <span class='ocrx_word' id='word_1_158' title='bbox 1470 1202 1565 1263; x_wconf 87' lang='grc' dir='ltr'>(τις,</span> <span class='ocrx_word' id='word_1_159' title='bbox 1596 1209 1644 1248; x_wconf 90' lang='lat' dir='ltr'><strong>ut</strong></span> <span class='ocrx_word' id='word_1_160' title='bbox 1673 1209 1809 1260; x_wconf 89' lang='lat' dir='ltr'><strong>exqui—</strong></span> 
     </span>
     <span class='ocr_line' id='line_1_16' title="bbox 216 1271 1811 1330; baseline 0 -16"><span class='ocrx_word' id='word_1_161' title='bbox 216 1275 293 1315; x_wconf 90' lang='lat' dir='ltr'><strong>site</strong></span> <span class='ocrx_word' id='word_1_162' title='bbox 319 1274 471 1315; x_wconf 88' lang='lat' dir='ltr'><strong>dictum</strong></span> <span class='ocrx_word' id='word_1_163' title='bbox 495 1273 530 1315; x_wconf 88' lang='grc' dir='ltr'><strong>Ο</strong></span> <span class='ocrx_word' id='word_1_164' title='bbox 548 1274 592 1314; x_wconf 91' lang='grc' dir='ltr'>Π</span> <span class='ocrx_word' id='word_1_165' title='bbox 611 1276 683 1327; x_wconf 89' lang='grc'>59,</span> <span class='ocrx_word' id='word_1_166' title='bbox 712 1275 773 1315; x_wconf 86' lang='lat' dir='ltr'><strong>ita</strong></span> <span class='ocrx_word' id='word_1_167' title='bbox 804 1271 890 1330; x_wconf 85' lang='lat' dir='ltr'><strong>[vel</strong></span> <span class='ocrx_word' id='word_1_168' title='bbox 919 1277 1086 1328; x_wconf 85' lang='lat' dir='ltr'><strong>propter</strong></span> <span class='ocrx_word' id='word_1_169' title='bbox 1116 1272 1186 1316; x_wconf 86' lang='grc' dir='ltr'><strong>καί</strong></span> <span class='ocrx_word' id='word_1_170' title='bbox 1217 1286 1280 1315; x_wconf 87' lang='grc' dir='ltr'><strong>τις</strong></span> <span class='ocrx_word' id='word_1_171' title='bbox 1307 1275 1383 1325; x_wconf 88' lang='grc'>52,</span> <span class='ocrx_word' id='word_1_172' title='bbox 1412 1271 1549 1325; x_wconf 85' lang='grc' dir='ltr'>ἥροας</span> <span class='ocrx_word' id='word_1_173' title='bbox 1576 1272 1652 1326; x_wconf 86' lang='grc'><strong>53]</strong></span> <span class='ocrx_word' id='word_1_174' title='bbox 1685 1275 1811 1327; x_wconf 85' lang='lat' dir='ltr'><strong>pessi-</strong></span> 
     </span>
     <span class='ocr_line' id='line_1_17' title="bbox 214 1332 1810 1393; baseline 0 -13"><span class='ocrx_word' id='word_1_175' title='bbox 214 1332 326 1381; x_wconf 79' lang='lat' dir='ltr'><strong>mum</strong></span> <span class='ocrx_word' id='word_1_176' title='bbox 361 1341 438 1381; x_wconf 84' lang='lat' dir='ltr'><strong>hoe</strong></span> <span class='ocrx_word' id='word_1_177' title='bbox 473 1341 561 1382; x_wconf 90' lang='lat' dir='ltr'><strong>loco</strong></span> <span class='ocrx_word' id='word_1_178' title='bbox 580 1342 782 1393; x_wconf 59' lang='lat' dir='ltr'><strong>‚futurum</strong></span> <span class='ocrx_word' id='word_1_179' title='bbox 817 1341 1045 1393; x_wconf 85' lang='lat' dir='ltr'><strong>Hermann,</strong></span> <span class='ocrx_word' id='word_1_180' title='bbox 1074 1339 1182 1382; x_wconf 83' lang='grc' dir='ltr'>’θεὸς</span> <span class='ocrx_word' id='word_1_181' title='bbox 1219 1340 1359 1392; x_wconf 85' lang='grc' dir='ltr'>ςωτήρ</span> <span class='ocrx_word' id='word_1_182' title='bbox 1395 1340 1708 1393; x_wconf 75' lang='lat' dir='ltr'><strong>interpolatione</strong></span> <span class='ocrx_word' id='word_1_183' title='bbox 1746 1354 1810 1381; x_wconf 84' lang='lat' dir='ltr'><strong>ex-</strong></span> 
     </span>
     <span class='ocr_line' id='line_1_18' title="bbox 214 1397 1810 1463; baseline 0 -16"><span class='ocrx_word' id='word_1_184' title='bbox 214 1407 360 1460; x_wconf 81' lang='lat' dir='ltr'><strong>sangui</strong></span> <span class='ocrx_word' id='word_1_185' title='bbox 382 1402 592 1463; x_wconf 84' lang='lat' dir='ltr'><strong>Hartung)</strong></span> <span class='ocrx_word' id='word_1_186' title='bbox 623 1407 828 1448; x_wconf 81' lang='lat' dir='ltr'><strong>exhaustis</strong></span> <span class='ocrx_word' id='word_1_187' title='bbox 860 1421 908 1449; x_wconf 92' lang='lat' dir='ltr'><strong>eo</strong></span> <span class='ocrx_word' id='word_1_188' title='bbox 938 1420 1259 1461; x_wconf 78' lang='lat' dir='ltr'><strong>perveneramus,</strong></span> <span class='ocrx_word' id='word_1_189' title='bbox 1288 1408 1336 1447; x_wconf 90' lang='lat' dir='ltr'><strong>ut</strong></span> <span class='ocrx_word' id='word_1_190' title='bbox 1361 1397 1460 1462; x_wconf 60' lang='grc' dir='ltr'><strong>θερς</strong></span> <span class='ocrx_word' id='word_1_191' title='bbox 1484 1407 1609 1448; x_wconf 81' lang='lat' dir='ltr'><strong>fuisse</strong></span> <span class='ocrx_word' id='word_1_192' title='bbox 1635 1407 1810 1448; x_wconf 89' lang='lat' dir='ltr'><strong>credere-</strong></span> 
     </span>
     <span class='ocr_line' id='line_1_19' title="bbox 214 1470 1811 1529; baseline 0.001 -16"><span class='ocrx_word' id='word_1_193' title='bbox 214 1485 303 1513; x_wconf 82' lang='lat' dir='ltr'><strong>mus</strong></span> <span class='ocrx_word' id='word_1_194' title='bbox 334 1475 494 1526; x_wconf 82' lang='lat' dir='ltr'><strong>praeter</strong></span> <span class='ocrx_word' id='word_1_195' title='bbox 523 1470 746 1529; x_wconf 69' lang='lat' dir='ltr'><strong>Ber-gitium</strong></span> <span class='ocrx_word' id='word_1_196' title='bbox 777 1474 830 1515; x_wconf 86' lang='lat' dir='ltr'><strong>cll</strong></span> <span class='ocrx_word' id='word_1_197' title='bbox 862 1473 1082 1526; x_wconf 77' lang='grc' dir='ltr'>Θέςφατον</span> <span class='ocrx_word' id='word_1_198' title='bbox 1113 1470 1365 1524; x_wconf 86' lang='grc' dir='ltr'>Θεςπρωτοὶ</span> <span class='ocrx_word' id='word_1_199' title='bbox 1391 1471 1596 1523; x_wconf 81' lang='grc' dir='ltr'>Θέδωρος</span> <span class='ocrx_word' id='word_1_200' title='bbox 1627 1471 1811 1524; x_wconf 79' lang='grc' dir='ltr'>Θέτιμος</span> 
     </span>
     <span class='ocr_line' id='line_1_20' title="bbox 215 1533 1810 1595; baseline -0.001 -15"><span class='ocrx_word' id='word_1_201' title='bbox 215 1537 462 1591; x_wconf 74' lang='grc' dir='ltr'>Θέμναςτος</span> <span class='ocrx_word' id='word_1_202' title='bbox 506 1540 676 1581; x_wconf 88' lang='lat' dir='ltr'><strong>alteram</strong></span> <span class='ocrx_word' id='word_1_203' title='bbox 715 1541 905 1584; x_wconf 73' lang='lat' dir='ltr'><strong>vocalem,</strong></span> <span class='ocrx_word' id='word_1_204' title='bbox 940 1541 1091 1594; x_wconf 90' lang='lat' dir='ltr'><strong>perisse</strong></span> <span class='ocrx_word' id='word_1_205' title='bbox 1129 1539 1435 1588; x_wconf 74' lang='lat' dir='ltr'><strong>contendentem</strong></span> <span class='ocrx_word' id='word_1_206' title='bbox 1478 1534 1618 1595; x_wconf 79' lang='lat' dir='ltr'><strong>(aliter</strong></span> <span class='ocrx_word' id='word_1_207' title='bbox 1655 1539 1703 1580; x_wconf 88' lang='lat' dir='ltr'><strong>de</strong></span> <span class='ocrx_word' id='word_1_208' title='bbox 1736 1533 1810 1580; x_wconf 79' lang='lat' dir='ltr'><strong>&#39;his</strong></span> 
     </span>
     <span class='ocr_line' id='line_1_21' title="bbox 214 1600 1810 1662; baseline 0.001 -17"><span class='ocrx_word' id='word_1_209' title='bbox 214 1605 443 1646; x_wconf 85' lang='lat' dir='ltr'><strong>nominibus</strong></span> <span class='ocrx_word' id='word_1_210' title='bbox 471 1606 621 1648; x_wconf 83' lang='lat' dir='ltr'><strong>iunctis</strong></span> <span class='ocrx_word' id='word_1_211' title='bbox 650 1607 697 1648; x_wconf 89' lang='lat'><strong>10</strong></span> <span class='ocrx_word' id='word_1_212' title='bbox 721 1603 916 1648; x_wconf 81' lang='lat' dir='ltr'><strong>Baunack</strong></span> <span class='ocrx_word' id='word_1_213' title='bbox 948 1607 1047 1648; x_wconf 80' lang='lat' dir='ltr'><strong>Curt</strong></span> <span class='ocrx_word' id='word_1_214' title='bbox 1079 1606 1127 1647; x_wconf 86' lang='lat' dir='ltr'><strong>St</strong></span> <span class='ocrx_word' id='word_1_215' title='bbox 1154 1607 1192 1648; x_wconf 89' lang='lat' dir='ltr'>X</span> <span class='ocrx_word' id='word_1_216' title='bbox 1224 1607 1300 1658; x_wconf 85' lang='lat'><strong>83,</strong></span> <span class='ocrx_word' id='word_1_217' title='bbox 1335 1606 1474 1658; x_wconf 81' lang='lat' dir='ltr'><strong>Meyer</strong></span> <span class='ocrx_word' id='word_1_218' title='bbox 1503 1620 1553 1658; x_wconf 87' lang='lat' dir='ltr'><strong>gr</strong></span> <span class='ocrx_word' id='word_1_219' title='bbox 1583 1600 1658 1647; x_wconf 65' lang='lat'><strong>(31⁸</strong></span> <span class='ocrx_word' id='word_1_220' title='bbox 1690 1601 1810 1662; x_wconf 85' lang='lat'><strong>192).</strong></span> 
     </span>
     <span class='ocr_line' id='line_1_22' title="bbox 215 1670 1810 1725; baseline 0.001 -14"><span class='ocrx_word' id='word_1_221' title='bbox 215 1670 276 1711; x_wconf 93' lang='lat' dir='ltr'><strong>De</strong></span> <span class='ocrx_word' id='word_1_222' title='bbox 313 1672 446 1724; x_wconf 89' lang='lat' dir='ltr'><strong>priore</strong></span> <span class='ocrx_word' id='word_1_223' title='bbox 477 1685 572 1713; x_wconf 82' lang='lat' dir='ltr'><strong>vero</strong></span> <span class='ocrx_word' id='word_1_224' title='bbox 602 1673 736 1714; x_wconf 84' lang='lat' dir='ltr'><strong>vocali</strong></span> <span class='ocrx_word' id='word_1_225' title='bbox 772 1673 900 1714; x_wconf 88' lang='lat' dir='ltr'><strong>eiecta</strong></span> <span class='ocrx_word' id='word_1_226' title='bbox 936 1673 1029 1715; x_wconf 81' lang='lat' dir='ltr'><strong>vide</strong></span> <span class='ocrx_word' id='word_1_227' title='bbox 1066 1686 1116 1714; x_wconf 90' lang='lat' dir='ltr'><strong>ne</strong></span> <span class='ocrx_word' id='word_1_228' title='bbox 1153 1673 1256 1714; x_wconf 88' lang='lat' dir='ltr'><strong>nihil</strong></span> <span class='ocrx_word' id='word_1_229' title='bbox 1299 1672 1410 1713; x_wconf 82' lang='lat' dir='ltr'><strong>aliud</strong></span> <span class='ocrx_word' id='word_1_230' title='bbox 1455 1673 1585 1725; x_wconf 87' lang='lat' dir='ltr'><strong>possis</strong></span> <span class='ocrx_word' id='word_1_231' title='bbox 1629 1673 1810 1713; x_wconf 83' lang='lat' dir='ltr'><strong>conferre</strong></span> 
     </span>
     <span class='ocr_line' id='line_1_23' title="bbox 216 1734 1811 1795; baseline 0.002 -18"><span class='ocrx_word' id='word_1_232' title='bbox 216 1750 339 1789; x_wconf 86' lang='lat' dir='ltr'><strong>quam-</strong></span> <span class='ocrx_word' id='word_1_233' title='bbox 363 1736 447 1779; x_wconf 85' lang='grc' dir='ltr'><strong>Θο-</strong></span> <span class='ocrx_word' id='word_1_234' title='bbox 473 1752 522 1779; x_wconf 87' lang='lat' dir='ltr'><strong>ex</strong></span> <span class='ocrx_word' id='word_1_235' title='bbox 545 1739 675 1780; x_wconf 88' lang='lat' dir='ltr'><strong>inscrr</strong></span> <span class='ocrx_word' id='word_1_236' title='bbox 696 1753 858 1792; x_wconf 85' lang='lat' dir='ltr'><strong>megarr</strong></span> <span class='ocrx_word' id='word_1_237' title='bbox 882 1740 981 1781; x_wconf 88' lang='lat' dir='ltr'><strong>satis</strong></span> <span class='ocrx_word' id='word_1_238' title='bbox 1005 1740 1232 1781; x_wconf 76' lang='lat' dir='ltr'><strong>recentibus</strong></span> <span class='ocrx_word' id='word_1_239' title='bbox 1260 1734 1362 1795; x_wconf 90' lang='lat' dir='ltr'><strong>(non</strong></span> <span class='ocrx_word' id='word_1_240' title='bbox 1392 1740 1485 1779; x_wconf 86' lang='lat' dir='ltr'><strong>ante</strong></span> <span class='ocrx_word' id='word_1_241' title='bbox 1515 1738 1608 1779; x_wconf 88' lang='lat' dir='ltr'><strong>med</strong></span> <span class='ocrx_word' id='word_1_242' title='bbox 1632 1752 1724 1780; x_wconf 88' lang='lat' dir='ltr'><strong>saec</strong></span> <span class='ocrx_word' id='word_1_243' title='bbox 1746 1738 1811 1779; x_wconf 86' lang='lat'><strong>111</strong></span> 
     </span>
     <span class='ocr_line' id='line_1_24' title="bbox 216 1801 1808 1862; baseline 0.002 -19"><span class='ocrx_word' id='word_1_244' title='bbox 216 1804 389 1844; x_wconf 87' lang='lat' dir='ltr'><strong>exaratis</strong></span> <span class='ocrx_word' id='word_1_245' title='bbox 427 1816 492 1845; x_wconf 86' lang='lat' dir='ltr'><strong>sec</strong></span> <span class='ocrx_word' id='word_1_246' title='bbox 527 1801 714 1862; x_wconf 87' lang='lat' dir='ltr'><strong>Beehtel)</strong></span> <span class='ocrx_word' id='word_1_247' title='bbox 750 1804 966 1847; x_wconf 82' lang='grc' dir='ltr'>Θοκλείδα</span> <span class='ocrx_word' id='word_1_248' title='bbox 997 1807 1129 1858; x_wconf 83' lang='grc'>3027,</span> <span class='ocrx_word' id='word_1_249' title='bbox 1154 1808 1201 1857; x_wconf 82' lang='grc'>4,</span> <span class='ocrx_word' id='word_1_250' title='bbox 1239 1804 1408 1856; x_wconf 83' lang='grc' dir='ltr'>Θοκλῆς</span> <span class='ocrx_word' id='word_1_251' title='bbox 1441 1806 1572 1857; x_wconf 84' lang='grc'>3028,</span> <span class='ocrx_word' id='word_1_252' title='bbox 1593 1807 1618 1846; x_wconf 88' lang='grc'><strong>3</strong></span> <span class='ocrx_word' id='word_1_253' title='bbox 1653 1805 1808 1846; x_wconf 82' lang='lat' dir='ltr'><strong>Collitz.</strong></span> 
     </span>
     <span class='ocr_line' id='line_1_25' title="bbox 216 1868 1810 1924; baseline 0.002 -15"><span class='ocrx_word' id='word_1_254' title='bbox 216 1868 321 1917; x_wconf 84' lang='lat' dir='ltr'><strong>Quid</strong></span> <span class='ocrx_word' id='word_1_255' title='bbox 357 1870 484 1923; x_wconf 87' lang='lat' dir='ltr'><strong>igitur</strong></span> <span class='ocrx_word' id='word_1_256' title='bbox 518 1871 635 1913; x_wconf 87' lang='lat' dir='ltr'><strong>nobis</strong></span> <span class='ocrx_word' id='word_1_257' title='bbox 669 1872 932 1924; x_wconf 82' lang='lat' dir='ltr'><strong>relinquitur,</strong></span> <span class='ocrx_word' id='word_1_258' title='bbox 970 1873 1051 1914; x_wconf 88' lang='lat' dir='ltr'><strong>nisi</strong></span> <span class='ocrx_word' id='word_1_259' title='bbox 1086 1875 1133 1913; x_wconf 89' lang='lat' dir='ltr'><strong>ut</strong></span> <span class='ocrx_word' id='word_1_260' title='bbox 1168 1873 1296 1914; x_wconf 90' lang='lat' dir='ltr'><strong>metro</strong></span> <span class='ocrx_word' id='word_1_261' title='bbox 1332 1871 1465 1923; x_wconf 82' lang='lat' dir='ltr'><strong>ionico</strong></span> <span class='ocrx_word' id='word_1_262' title='bbox 1501 1872 1547 1911; x_wconf 91' lang='lat' dir='ltr'><strong>in</strong></span> <span class='ocrx_word' id='word_1_263' title='bbox 1581 1884 1678 1913; x_wconf 82' lang='lat' dir='ltr'><strong>voce</strong></span> <span class='ocrx_word' id='word_1_264' title='bbox 1710 1869 1810 1914; x_wconf 88' lang='grc' dir='ltr'>θεός</span> 
     </span>
     <span class='ocr_line' id='line_1_26' title="bbox 215 1925 1809 2000; baseline 0.001 -17"><span class='ocrx_word' id='word_1_265' title='bbox 215 1942 373 1983; x_wconf 84' lang='lat' dir='ltr'><strong>variato</strong></span> <span class='ocrx_word' id='word_1_266' title='bbox 404 1937 649 1999; x_wconf 62' lang='lat' dir='ltr'><strong>(-o-„--)</strong></span> <span class='ocrx_word' id='word_1_267' title='bbox 681 1925 783 1999; x_wconf 63' lang='grc' dir='ltr'><strong>θῖῥς</strong></span> <span class='ocrx_word' id='word_1_268' title='bbox 817 1945 999 1997; x_wconf 81' lang='lat' dir='ltr'><strong>legamus</strong></span> <span class='ocrx_word' id='word_1_269' title='bbox 1031 1945 1085 1984; x_wconf 79' lang='lat' dir='ltr'><strong>cll</strong></span> <span class='ocrx_word' id='word_1_270' title='bbox 1115 1945 1151 1985; x_wconf 87' lang='lat' dir='ltr'><strong>si</strong></span> <span class='ocrx_word' id='word_1_271' title='bbox 1184 1957 1265 1985; x_wconf 89' lang='lat' dir='ltr'><strong>non</strong></span> <span class='ocrx_word' id='word_1_272' title='bbox 1295 1941 1500 1998; x_wconf 68' lang='grc' dir='ltr'>θερμοροι</span> <span class='ocrx_word' id='word_1_273' title='bbox 1532 1943 1639 1996; x_wconf 88' lang='lat' dir='ltr'><strong>quod</strong></span> <span class='ocrx_word' id='word_1_274' title='bbox 1671 1938 1809 2000; x_wconf 77' lang='lat' dir='ltr'><strong>e(e)6-</strong></span> 
     </span>
     <span class='ocr_line' id='line_1_27' title="bbox 216 2004 1811 2065; baseline 0.001 -17"><span class='ocrx_word' id='word_1_275' title='bbox 216 2019 341 2059; x_wconf 84' lang='grc' dir='ltr'>μοροι</span> <span class='ocrx_word' id='word_1_276' title='bbox 366 2004 554 2049; x_wconf 86' lang='lat' dir='ltr'><strong>cecinerit</strong></span> <span class='ocrx_word' id='word_1_277' title='bbox 573 2010 776 2062; x_wconf 88' lang='lat' dir='ltr'><strong>quispiam</strong></span> <span class='ocrx_word' id='word_1_278' title='bbox 793 2010 899 2051; x_wconf 89' lang='lat' dir='ltr'><strong>Pind</strong></span> <span class='ocrx_word' id='word_1_279' title='bbox 918 2010 952 2052; x_wconf 94' lang='grc' dir='ltr'><strong>Ο</strong></span> <span class='ocrx_word' id='word_1_280' title='bbox 970 2011 1035 2051; x_wconf 82' lang='lat' dir='ltr'><strong>m</strong></span> <span class='ocrx_word' id='word_1_281' title='bbox 1055 2013 1125 2062; x_wconf 91' lang='grc'>10,</span> <span class='ocrx_word' id='word_1_282' title='bbox 1151 2013 1195 2051; x_wconf 88' lang='lat' dir='ltr'><strong>at</strong></span> <span class='ocrx_word' id='word_1_283' title='bbox 1212 2011 1318 2051; x_wconf 88' lang='lat' dir='ltr'><strong>certe</strong></span> <span class='ocrx_word' id='word_1_284' title='bbox 1338 2010 1432 2050; x_wconf 83' lang='lat' dir='ltr'><strong>Sem</strong></span> <span class='ocrx_word' id='word_1_285' title='bbox 1453 2012 1493 2062; x_wconf 94' lang='grc'>7,</span> <span class='ocrx_word' id='word_1_286' title='bbox 1509 2012 1546 2051; x_wconf 95' lang='grc'><strong>1.</strong></span> <span class='ocrx_word' id='word_1_287' title='bbox 1563 2012 1586 2050; x_wconf 95' lang='grc'>7</span> <span class='ocrx_word' id='word_1_288' title='bbox 1608 2005 1681 2065; x_wconf 88' lang='lat' dir='ltr'><strong>(cll</strong></span> <span class='ocrx_word' id='word_1_289' title='bbox 1701 2009 1811 2063; x_wconf 81' lang='lat' dir='ltr'><strong>Soph</strong></span> 
     </span>
     <span class='ocr_line' id='line_1_28' title="bbox 215 2072 1811 2133; baseline 0.001 -17"><span class='ocrx_word' id='word_1_290' title='bbox 215 2073 294 2116; x_wconf 79' lang='lat' dir='ltr'><strong>OB.</strong></span> <span class='ocrx_word' id='word_1_291' title='bbox 318 2075 420 2124; x_wconf 76' lang='lat'><strong>215,</strong></span> <span class='ocrx_word' id='word_1_292' title='bbox 450 2074 504 2114; x_wconf 83' lang='lat' dir='ltr'><strong>El</strong></span> <span class='ocrx_word' id='word_1_293' title='bbox 529 2076 628 2126; x_wconf 89' lang='grc'>179,</span> <span class='ocrx_word' id='word_1_294' title='bbox 659 2076 743 2116; x_wconf 80' lang='lat' dir='ltr'><strong>Eur</strong></span> <span class='ocrx_word' id='word_1_295' title='bbox 767 2075 881 2130; x_wconf 87' lang='lat' dir='ltr'><strong>Hipp</strong></span> <span class='ocrx_word' id='word_1_296' title='bbox 906 2072 1028 2133; x_wconf 83' lang='grc'>476).</span> <span class='ocrx_word' id='word_1_297' title='bbox 1082 2077 1145 2118; x_wconf 91' lang='lat' dir='ltr'><strong>De</strong></span> <span class='ocrx_word' id='word_1_298' title='bbox 1176 2090 1279 2131; x_wconf 91' lang='lat' dir='ltr'><strong>pron</strong></span> <span class='ocrx_word' id='word_1_299' title='bbox 1308 2077 1436 2118; x_wconf 82' lang='lat' dir='ltr'><strong>interr</strong></span> <span class='ocrx_word' id='word_1_300' title='bbox 1464 2073 1538 2128; x_wconf 67' lang='grc' dir='ltr'><strong>τά,</strong></span> <span class='ocrx_word' id='word_1_301' title='bbox 1569 2094 1627 2110; x_wconf 81' lang='lat'>=</span> <span class='ocrx_word' id='word_1_302' title='bbox 1653 2072 1811 2133; x_wconf 80' lang='grc' dir='ltr'>τί(ν)α;</span> 
     </span>
     <span class='ocr_line' id='line_1_29' title="bbox 215 2139 478 2192; baseline -0.008 -11"><span class='ocrx_word' id='word_1_303' title='bbox 215 2140 323 2181; x_wconf 77' lang='lat' dir='ltr'><strong>infra</strong></span> <span class='ocrx_word' id='word_1_304' title='bbox 354 2139 381 2192; x_wconf 66' lang='grc' dir='ltr'><strong>ξ</strong></span> <span class='ocrx_word' id='word_1_305' title='bbox 409 2142 478 2180; x_wconf 93' lang='grc'><strong>77.</strong></span> 
     </span>
    </p>
   </div>
   <div class='ocr_carea' id='block_1_3' title="bbox 715 2177 757 2191">
    <p class='ocr_par' dir='ltr' id='par_1_3' title="bbox 715 2177 757 2191">
     <span class='ocr_line' id='line_1_30' title="bbox 715 2177 757 2191; baseline 0 0"><span class='ocrx_word' id='word_1_306' title='bbox 715 2177 757 2191; x_wconf 52' lang='lat' dir='ltr'><em>Q</em></span> 
     </span>
    </p>
   </div>
   <div class='ocr_carea' id='block_1_4' title="bbox 216 2249 1811 3032">
    <p class='ocr_par' dir='ltr' id='par_1_4' title="bbox 216 2249 1811 3032">
     <span class='ocr_line' id='line_1_31' title="bbox 335 2249 1811 2303; baseline 0.003 -14"><span class='ocrx_word' id='word_1_307' title='bbox 335 2249 592 2290; x_wconf 80' lang='lat' dir='ltr'><strong>Nominum</strong></span> <span class='ocrx_word' id='word_1_308' title='bbox 628 2251 939 2303; x_wconf 87' lang='lat' dir='ltr'><strong>propriorum</strong></span> <span class='ocrx_word' id='word_1_309' title='bbox 974 2252 1273 2294; x_wconf 81' lang='lat' dir='ltr'><strong>vocalismus</strong></span> <span class='ocrx_word' id='word_1_310' title='bbox 1308 2254 1446 2294; x_wconf 87' lang='lat' dir='ltr'><strong>utrum</strong></span> <span class='ocrx_word' id='word_1_311' title='bbox 1478 2251 1535 2293; x_wconf 88' lang='lat' dir='ltr'><strong>ad·</strong></span> <span class='ocrx_word' id='word_1_312' title='bbox 1560 2265 1811 2294; x_wconf 88' lang='lat' dir='ltr'><strong>communem</strong></span> 
     </span>
     <span class='ocr_line' id='line_1_32' title="bbox 217 2315 1809 2372; baseline 0.003 -16"><span class='ocrx_word' id='word_1_313' title='bbox 217 2315 419 2356; x_wconf 75' lang='lat' dir='ltr'><strong>choi-icae·</strong></span> <span class='ocrx_word' id='word_1_314' title='bbox 434 2328 599 2370; x_wconf 86' lang='lat' dir='ltr'><strong>poeseos</strong></span> <span class='ocrx_word' id='word_1_315' title='bbox 634 2317 834 2357; x_wconf 86' lang='lat' dir='ltr'><strong>rationem</strong></span> <span class='ocrx_word' id='word_1_316' title='bbox 870 2331 923 2358; x_wconf 90' lang='lat' dir='ltr'><strong>an</strong></span> <span class='ocrx_word' id='word_1_317' title='bbox 955 2318 1006 2358; x_wconf 85' lang='lat' dir='ltr'><strong>ad</strong></span> <span class='ocrx_word' id='word_1_318' title='bbox 1042 2320 1222 2371; x_wconf 88' lang='lat' dir='ltr'><strong>patrium</strong></span> <span class='ocrx_word' id='word_1_319' title='bbox 1256 2320 1448 2372; x_wconf 87' lang='lat' dir='ltr'><strong>cuiusque</strong></span> <span class='ocrx_word' id='word_1_320' title='bbox 1479 2332 1598 2360; x_wconf 86' lang='lat' dir='ltr'><strong>usum</strong></span> <span class='ocrx_word' id='word_1_321' title='bbox 1628 2329 1809 2360; x_wconf 86' lang='lat' dir='ltr'><strong>exercen-</strong></span> 
     </span>
     <span class='ocr_line' id='line_1_33' title="bbox 217 2381 1810 2439; baseline 0.002 -16"><span class='ocrx_word' id='word_1_322' title='bbox 217 2381 291 2423; x_wconf 86' lang='lat' dir='ltr'><strong>dus</strong></span> <span class='ocrx_word' id='word_1_323' title='bbox 328 2383 382 2423; x_wconf 86' lang='lat' dir='ltr'><strong>sit</strong></span> <span class='ocrx_word' id='word_1_324' title='bbox 418 2395 499 2423; x_wconf 93' lang='lat' dir='ltr'><strong>non</strong></span> <span class='ocrx_word' id='word_1_325' title='bbox 539 2384 600 2423; x_wconf 88' lang='lat' dir='ltr'><strong>est</strong></span> <span class='ocrx_word' id='word_1_326' title='bbox 637 2382 744 2435; x_wconf 89' lang='lat' dir='ltr'><strong>quod</strong></span> <span class='ocrx_word' id='word_1_327' title='bbox 781 2383 951 2425; x_wconf 86' lang='lat' dir='ltr'><strong>dubites.</strong></span> <span class='ocrx_word' id='word_1_328' title='bbox 1012 2385 1120 2425; x_wconf 81' lang='lat' dir='ltr'><strong>Nam</strong></span> <span class='ocrx_word' id='word_1_329' title='bbox 1161 2398 1404 2439; x_wconf 81' lang='lat' dir='ltr'><strong>recognosce</strong></span> <span class='ocrx_word' id='word_1_330' title='bbox 1438 2398 1586 2438; x_wconf 87' lang='lat' dir='ltr'><strong>quaeso</strong></span> <span class='ocrx_word' id='word_1_331' title='bbox 1623 2381 1810 2427; x_wconf 86' lang='grc' dir='ltr'>Ἀθάναν</span> 
     </span>
     <span class='ocr_line' id='line_1_34' title="bbox 218 2448 1809 2506; baseline 0.002 -17"><span class='ocrx_word' id='word_1_332' title='bbox 218 2449 359 2489; x_wconf 84' lang='lat' dir='ltr'><strong>audire</strong></span> <span class='ocrx_word' id='word_1_333' title='bbox 386 2449 609 2490; x_wconf 79' lang='lat' dir='ltr'><strong>Minervam</strong></span> <span class='ocrx_word' id='word_1_334' title='bbox 632 2449 677 2489; x_wconf 89' lang='lat' dir='ltr'><strong>in</strong></span> <span class='ocrx_word' id='word_1_335' title='bbox 707 2462 845 2490; x_wconf 87' lang='lat' dir='ltr'><strong>eorum</strong></span> <span class='ocrx_word' id='word_1_336' title='bbox 876 2450 1026 2490; x_wconf 82' lang='lat' dir='ltr'><strong>civium</strong></span> <span class='ocrx_word' id='word_1_337' title='bbox 1057 2451 1187 2498; x_wconf 82' lang='lat' dir='ltr'><strong>choris</strong></span> <span class='ocrx_word' id='word_1_338' title='bbox 1219 2453 1290 2506; x_wconf 86' lang='lat' dir='ltr'><strong>qui</strong></span> <span class='ocrx_word' id='word_1_339' title='bbox 1320 2452 1480 2505; x_wconf 86' lang='lat' dir='ltr'><strong>publice</strong></span> <span class='ocrx_word' id='word_1_340' title='bbox 1510 2448 1695 2503; x_wconf 85' lang='grc' dir='ltr'>Ἀθηνᾶν</span> <span class='ocrx_word' id='word_1_341' title='bbox 1720 2465 1809 2505; x_wconf 89' lang='lat' dir='ltr'><strong>pre-</strong></span> 
     </span>
     <span class='ocr_line' id='line_1_35' title="bbox 217 2511 1809 2568; baseline 0.002 -13"><span class='ocrx_word' id='word_1_342' title='bbox 217 2517 378 2566; x_wconf 80' lang='lat' dir='ltr'><strong>cantur,</strong></span> <span class='ocrx_word' id='word_1_343' title='bbox 408 2517 486 2556; x_wconf 86' lang='lat' dir='ltr'><strong>’aut</strong></span> <span class='ocrx_word' id='word_1_344' title='bbox 521 2511 834 2567; x_wconf 84' lang='grc' dir='ltr'>Ἀλκμεωνίδας</span> <span class='ocrx_word' id='word_1_345' title='bbox 877 2516 1014 2556; x_wconf 83' lang='lat' dir='ltr'><strong>vocari</strong></span> <span class='ocrx_word' id='word_1_346' title='bbox 1044 2512 1325 2568; x_wconf 82' lang='grc' dir='ltr'>Ἀλκμανίδας</span> <span class='ocrx_word' id='word_1_347' title='bbox 1362 2518 1396 2558; x_wconf 90' lang='lat' dir='ltr'>P</span> <span class='ocrx_word' id='word_1_348' title='bbox 1426 2518 1508 2558; x_wconf 84' lang='lat' dir='ltr'><strong>VH</strong></span> <span class='ocrx_word' id='word_1_349' title='bbox 1540 2520 1589 2558; x_wconf 88' lang='lat'><strong>2:</strong></span> <span class='ocrx_word' id='word_1_350' title='bbox 1630 2520 1719 2563; x_wconf 80' lang='lat' dir='ltr'><strong>tum</strong></span> <span class='ocrx_word' id='word_1_351' title='bbox 1757 2519 1809 2558; x_wconf 82' lang='lat' dir='ltr'><strong>cll</strong></span> 
     </span>
     <span class='ocr_line' id='line_1_36' title="bbox 217 2580 1808 2635; baseline 0.003 -14"><span class='ocrx_word' id='word_1_352' title='bbox 217 2582 455 2633; x_wconf 87' lang='lat' dir='ltr'><strong>praesertim</strong></span> <span class='ocrx_word' id='word_1_353' title='bbox 497 2594 599 2633; x_wconf 85' lang='lat' dir='ltr'><strong>quae</strong></span> <span class='ocrx_word' id='word_1_354' title='bbox 643 2581 691 2622; x_wconf 88' lang='lat' dir='ltr'><strong>de</strong></span> <span class='ocrx_word' id='word_1_355' title='bbox 733 2580 940 2621; x_wconf 84' lang='lat' dir='ltr'><strong>Artemide</strong></span> <span class='ocrx_word' id='word_1_356' title='bbox 984 2583 1026 2622; x_wconf 85' lang='lat' dir='ltr'><strong>et</strong></span> <span class='ocrx_word' id='word_1_357' title='bbox 1067 2582 1116 2622; x_wconf 83' lang='lat' dir='ltr'><strong>de</strong></span> <span class='ocrx_word' id='word_1_358' title='bbox 1158 2582 1335 2625; x_wconf 88' lang='lat' dir='ltr'><strong>Hierone</strong></span> <span class='ocrx_word' id='word_1_359' title='bbox 1379 2580 1660 2630; x_wconf 80' lang='lat' dir='ltr'><strong>adnotavimus</strong></span> <span class='ocrx_word' id='word_1_360' title='bbox 1698 2583 1725 2635; x_wconf 68' lang='grc' dir='ltr'>ἓ</span> <span class='ocrx_word' id='word_1_361' title='bbox 1752 2586 1808 2624; x_wconf 86' lang='grc'><strong>34</strong></span> 
     </span>
     <span class='ocr_line' id='line_1_37' title="bbox 217 2640 1809 2705; baseline 0.003 -18"><span class='ocrx_word' id='word_1_362' title='bbox 217 2649 354 2687; x_wconf 88' lang='lat' dir='ltr'><strong>utrum</strong></span> <span class='ocrx_word' id='word_1_363' title='bbox 388 2648 437 2688; x_wconf 86' lang='lat' dir='ltr'><strong>de</strong></span> <span class='ocrx_word' id='word_1_364' title='bbox 470 2647 835 2689; x_wconf 83' lang='lat' dir='ltr'><strong>Timodemidarum</strong></span> <span class='ocrx_word' id='word_1_365' title='bbox 870 2640 1179 2690; x_wconf 79' lang='lat' dir='ltr'><strong>Atheniensium</strong></span> <span class='ocrx_word' id='word_1_366' title='bbox 1210 2643 1270 2703; x_wconf 77' lang='lat' dir='ltr'><strong>(N</strong></span> <span class='ocrx_word' id='word_1_367' title='bbox 1293 2645 1356 2705; x_wconf 89' lang='grc' dir='ltr'><strong>Π)</strong></span> <span class='ocrx_word' id='word_1_368' title='bbox 1392 2652 1553 2691; x_wconf 88' lang='lat' dir='ltr'><strong>nomine</strong></span> <span class='ocrx_word' id='word_1_369' title='bbox 1584 2651 1809 2703; x_wconf 87' lang='lat' dir='ltr'><strong>perspicuo,</strong></span> 
     </span>
     <span class='ocr_line' id='line_1_38' title="bbox 218 2709 1808 2770; baseline 0.003 -17"><span class='ocrx_word' id='word_1_370' title='bbox 218 2713 266 2753; x_wconf 90' lang='lat' dir='ltr'><strong>de</strong></span> <span class='ocrx_word' id='word_1_371' title='bbox 297 2713 521 2759; x_wconf 78' lang='lat' dir='ltr'><strong>Arethusae</strong></span> <span class='ocrx_word' id='word_1_372' title='bbox 558 2713 611 2770; x_wconf 75' lang='lat' dir='ltr'><strong>(P</strong></span> <span class='ocrx_word' id='word_1_373' title='bbox 640 2709 723 2770; x_wconf 87' lang='grc' dir='ltr'><strong>ΠΙ)</strong></span> <span class='ocrx_word' id='word_1_374' title='bbox 767 2714 941 2755; x_wconf 81' lang='lat' dir='ltr'><strong>nominis</strong></span> <span class='ocrx_word' id='word_1_375' title='bbox 976 2714 1260 2755; x_wconf 88' lang='lat' dir='ltr'><strong>terminatione</strong></span> <span class='ocrx_word' id='word_1_376' title='bbox 1297 2717 1555 2757; x_wconf 85' lang='lat' dir='ltr'><strong>statuendum</strong></span> <span class='ocrx_word' id='word_1_377' title='bbox 1590 2714 1647 2757; x_wconf 86' lang='lat' dir='ltr'><strong>sit</strong></span> <span class='ocrx_word' id='word_1_378' title='bbox 1685 2730 1808 2769; x_wconf 83' lang='lat' dir='ltr'><strong>appa-</strong></span> 
     </span>
     <span class='ocr_line' id='line_1_39' title="bbox 216 2780 1808 2835; baseline 0.003 -17"><span class='ocrx_word' id='word_1_379' title='bbox 216 2780 333 2820; x_wconf 89' lang='lat' dir='ltr'><strong>rebit.</strong></span> <span class='ocrx_word' id='word_1_380' title='bbox 403 2781 556 2832; x_wconf 85' lang='lat' dir='ltr'><strong>Neque-</strong></span> <span class='ocrx_word' id='word_1_381' title='bbox 593 2781 701 2821; x_wconf 83' lang='lat' dir='ltr'><strong>enim</strong></span> <span class='ocrx_word' id='word_1_382' title='bbox 748 2794 926 2832; x_wconf 83' lang='lat' dir='ltr'><strong>unquam</strong></span> <span class='ocrx_word' id='word_1_383' title='bbox 974 2780 1140 2820; x_wconf 85' lang='lat' dir='ltr'><strong>victoris</strong></span> <span class='ocrx_word' id='word_1_384' title='bbox 1189 2780 1361 2822; x_wconf 85' lang='lat' dir='ltr'><strong>dialecto</strong></span> <span class='ocrx_word' id='word_1_385' title='bbox 1410 2784 1566 2835; x_wconf 83' lang='lat' dir='ltr'><strong>patriae</strong></span> <span class='ocrx_word' id='word_1_386' title='bbox 1608 2782 1808 2823; x_wconf 84' lang='lat' dir='ltr'><strong>Pindarus</strong></span> 
     </span>
     <span class='ocr_line' id='line_1_40' title="bbox 217 2841 1809 2903; baseline 0.002 -18"><span class='ocrx_word' id='word_1_387' title='bbox 217 2845 377 2885; x_wconf 80' lang='lat' dir='ltr'><strong>videtur</strong></span> <span class='ocrx_word' id='word_1_388' title='bbox 406 2846 618 2887; x_wconf 85' lang='lat' dir='ltr'><strong>indulsisse</strong></span> <span class='ocrx_word' id='word_1_389' title='bbox 656 2841 789 2903; x_wconf 82' lang='lat' dir='ltr'><strong>(velut</strong></span> <span class='ocrx_word' id='word_1_390' title='bbox 817 2847 862 2887; x_wconf 90' lang='lat' dir='ltr'><strong>in</strong></span> <span class='ocrx_word' id='word_1_391' title='bbox 891 2843 1072 2900; x_wconf 83' lang='lat' dir='ltr'><strong>Neptuni</strong></span> <span class='ocrx_word' id='word_1_392' title='bbox 1102 2847 1263 2886; x_wconf 89' lang='lat' dir='ltr'><strong>nomine</strong></span> <span class='ocrx_word' id='word_1_393' title='bbox 1292 2845 1513 2889; x_wconf 80' lang='grc' dir='ltr'>Ποτειδὰν</span> <span class='ocrx_word' id='word_1_394' title='bbox 1544 2848 1579 2889; x_wconf 92' lang='lat' dir='ltr'>O</span> <span class='ocrx_word' id='word_1_395' title='bbox 1609 2849 1728 2899; x_wconf 87' lang='lat' dir='ltr'><strong>XIII,</strong></span> <span class='ocrx_word' id='word_1_396' title='bbox 1764 2850 1809 2888; x_wconf 93' lang='lat' dir='ltr'><strong>in</strong></span> 
     </span>
     <span class='ocr_line' id='line_1_41' title="bbox 219 2910 1808 2965; baseline 0.003 -15"><span class='ocrx_word' id='word_1_397' title='bbox 219 2912 361 2965; x_wconf 83' lang='lat' dir='ltr'><strong>auriga</strong></span> <span class='ocrx_word' id='word_1_398' title='bbox 396 2911 529 2953; x_wconf 80' lang='lat' dir='ltr'><strong>Siculo</strong></span> <span class='ocrx_word' id='word_1_399' title='bbox 561 2910 706 2954; x_wconf 85' lang='grc' dir='ltr'>Φίντις</span> <span class='ocrx_word' id='word_1_400' title='bbox 737 2913 772 2954; x_wconf 92' lang='grc' dir='ltr'><strong>Ο</strong></span> <span class='ocrx_word' id='word_1_401' title='bbox 802 2913 879 2963; x_wconf 86' lang='lat' dir='ltr'><strong>VI,</strong></span> <span class='ocrx_word' id='word_1_402' title='bbox 915 2914 960 2953; x_wconf 88' lang='lat' dir='ltr'><strong>in</strong></span> <span class='ocrx_word' id='word_1_403' title='bbox 995 2913 1277 2953; x_wconf 86' lang='lat' dir='ltr'><strong>terminatione</strong></span> <span class='ocrx_word' id='word_1_404' title='bbox 1311 2912 1526 2954; x_wconf 82' lang='lat' dir='ltr'><strong>thessalica</strong></span> <span class='ocrx_word' id='word_1_405' title='bbox 1555 2912 1808 2955; x_wconf 78' lang='grc' dir='ltr'>Ἱπποκλέα(</span> 
     </span>
     <span class='ocr_line' id='line_1_42' title="bbox 218 2972 1807 3032; baseline 0.004 -17"><span class='ocrx_word' id='word_1_406' title='bbox 218 2976 252 3015; x_wconf 89' lang='lat' dir='ltr'>P</span> <span class='ocrx_word' id='word_1_407' title='bbox 275 2972 345 3032; x_wconf 86' lang='lat' dir='ltr'><strong>X),</strong></span> <span class='ocrx_word' id='word_1_408' title='bbox 376 2979 475 3029; x_wconf 89' lang='lat' dir='ltr'><strong>quin</strong></span> <span class='ocrx_word' id='word_1_409' title='bbox 499 2978 678 3025; x_wconf 86' lang='lat' dir='ltr'><strong>doricum</strong></span> <span class='ocrx_word' id='word_1_410' title='bbox 703 2979 823 3019; x_wconf 89' lang='lat' dir='ltr'><strong>simul</strong></span> <span class='ocrx_word' id='word_1_411' title='bbox 848 2980 1041 3020; x_wconf 81' lang='lat' dir='ltr'><strong>sermonis</strong></span> <span class='ocrx_word' id='word_1_412' title='bbox 1066 2979 1238 3028; x_wconf 82' lang='lat' dir='ltr'><strong>colorem</strong></span> <span class='ocrx_word' id='word_1_413' title='bbox 1263 2979 1379 3030; x_wconf 84' lang='lat' dir='ltr'><strong>quasi</strong></span> <span class='ocrx_word' id='word_1_414' title='bbox 1404 2980 1624 3020; x_wconf 80' lang='lat' dir='ltr'><strong>extolleret.</strong></span> <span class='ocrx_word' id='word_1_415' title='bbox 1672 2981 1807 3021; x_wconf 86' lang='lat' dir='ltr'><strong>Minus</strong></span> 
     </span>
    </p>
   </div>
   <div class='ocr_carea' id='block_1_5' title="bbox 1836 2261 1882 2296">
    <p class='ocr_par' dir='ltr' id='par_1_5' title="bbox 1836 2261 1882 2296">
     <span class='ocr_line' id='line_1_43' title="bbox 1836 2261 1882 2296; baseline 0.022 -1"><span class='ocrx_word' id='word_1_416' title='bbox 1836 2261 1882 2296; x_wconf 79' lang='grc'><strong>58</strong></span> 
     </span>
    </p>
   </div>
  </div>
 </body>
</html>
