2014 3360
865 234 1085 272 OLYMPIA
1109 234 1160 284 IX
1711 234 1794 278 141

295 346 455 391 ἄντλον
486 346 614 391 ἑλεῖν.
652 346 812 391 ’κείνων

295 418 396 462 ἔςαν
428 418 710 472 χαλκάςπιδες
741 418 937 472 ὑμέτεροι
969 418 1179 471 πρόγονοι
1751 428 1797 460 80

223 500 270 534 00
294 490 494 545 ἀρχᾶθεν,
525 488 826 534 Ἰαπετιονίδος
857 490 1024 543 φύτλας

293 566 442 618 κοῦροι
473 564 606 616 κορᾶν
641 563 710 606 καὶ
741 561 971 615 φερτάτων
1005 563 1224 615 Κρονιδᾶν,

629 634 832 688 ἐγχώριοι
866 636 1058 688 βαςιλῆες
1090 633 1185 688 αἰεί,
1786 690 1797 704 ,

1642 706 1726 745 ςτρ.
1758 707 1785 744 γ

296 767 397 821 πρὶν
426 764 661 820 Ὀλύμπιος
692 765 867 819 ἆγεμών
1751 774 1797 807 85

295 837 469 892 θύγατρ’
500 838 589 882 ἀπὸ
619 840 698 890 γᾶς
729 836 909 882 Ἐπειῶν
940 836 1177 894 Ὀπόεντος
1210 835 1490 889 ἀναρπάςαις,
1523 837 1676 879 ἕκαλος

295 910 444 964 μείχθη
477 910 776 954 Μαιναλίαιςιν
807 910 856 954 ἐν
888 912 1060 963 δειραῖς,
1093 909 1159 952 καὶ
1191 908 1351 951 ἔνεικεν

225 994 270 1026 60
295 983 457 1039 Λοκρῷ,
490 984 543 1036 μὴ
576 983 750 1026 καθέλοι
781 996 848 1026 νιν
880 982 988 1026 αἰὼν
1020 981 1187 1034 πότμον
1218 979 1410 1034 ἐφάψαις
1752 991 1798 1024 90

295 1053 494 1109 ὀρφανὸν
524 1056 689 1107 γενεᾶς.
739 1054 840 1108 ἔχεν
871 1055 919 1098 δὲ
952 1054 1116 1107 ςπέρμα
1147 1053 1341 1107 μέγιςτον

343 1206 397 1244 58
414 1208 596 1244 κάκείνων
616 1208 654 1245 Δ
703 1209 737 1244 δ’
755 1208 840 1245 ἔςαν
858 1207 951 1244 boni
970 1218 1098 1251 omnes
1117 1209 1219 1255 (nam
1237 1208 1328 1253 ἣςαν
1347 1205 1450 1252 quod
1469 1206 1526 1241 est
1537 1205 1643 1242 EtFt
1658 1205 1800 1241 nullius

225 1255 433 1303 momenti),
459 1257 562 1292 ἔςςαν
587 1254 777 1302 interpoll.
822 1255 1002 1292 Traditur
1021 1256 1130 1303 epica
1147 1255 1269 1291 forma
1286 1256 1377 1301 ῆςαν
1397 1253 1495 1289 Pind
1512 1253 1549 1289 N
1566 1253 1618 1289 IX
1638 1257 1682 1289 17
1702 1253 1800 1300 (loco

224 1305 430 1351 corrupto),
462 1302 591 1350 Sapph
617 1307 661 1339 31
695 1304 866 1387 (Athen),
898 1303 1102 1351 Epicharin
1127 1304 1323 1351 (παρῆςαν)
1350 1306 1430 1348 170,
1452 1306 1470 1338 1
1496 1301 1614 1347 Kaib,
1644 1301 1801 1337 Pindari

223 1351 387 1395 editores
412 1353 515 1388 ἔςςαν
540 1354 766 1398 praeoptare
791 1364 832 1390 so
850 1354 926 1398 ent,
951 1363 1066 1399 quam
1090 1352 1250 1388 formam
1274 1351 1315 1387 in
1338 1350 1550 1398 fragmento
1570 1349 1663 1385 satis
1683 1349 1800 1385 dubio

222 1398 346 1454 Alc(‘?)
358 1402 402 1435 91
416 1399 599 1435 traditam
618 1400 805 1447 (Artemid
818 1411 867 1436 on
879 1400 914 1435 H
927 1404 972 1436 25
991 1400 1040 1436 ab
1055 1400 1180 1437 aliena
1198 1410 1286 1436 man
1303 1398 1392 1446 add)
1411 1400 1538 1434 tuetur
1552 1397 1582 1434 Ο
1596 1396 1800 1433 Hoffmann

222 1459 268 1495 gr
292 1446 396 1483 Dian
413 1447 458 1482 -H
475 1451 564 1493 47ος
589 1451 636 1493 δὴ
662 1451 743 1485 'cdv
768 1450 850 1495 (per
875 1449 1101 1496 aphaeresin
1125 1449 1166 1485 in
1189 1448 1218 1484 P
1243 1459 1319 1484 non
1344 1446 1619 1483 admittendam
1657 1446 1800 1493 Bergk;

224 1507 245 1532 v
270 1497 355 1531 nott
378 1497 476 1531 metr
596 1494 647 1532 54
670 1497 759 1542 post
782 1498 982 1542 πρόγονοι,
1013 1508 1089 1533 non
1113 1499 1201 1544 post
1225 1498 1385 1542 ἀρχᾶθεν
1411 1495 1488 1530 dist
1512 1494 1611 1543 Ber-g
1645 1523 1655 1539 ,
1687 1495 1800 1541 vulgo

223 1553 300 1579 non
325 1543 614 1590 distinguebant
727 1544 778 1581 55
803 1545 1050 1582 ἰαπετιονίδος
1075 1546 1115 1581 Ε
1145 1556 1165 1581 0
1189 1543 1385 1591 interpoll,
1416 1544 1553 1580 ἰαπετε.
1584 1543 1663 1579 vett
1687 1542 1799 1589 vulgo

238 1592 348 1628 —ibouc
360 1591 448 1638 DQ)
539 1591 590 1627 56
611 1603 647 1627 ss
672 1596 813 1638 κουρᾶν
833 1595 893 1629 καὶ
918 1594 998 1630 vett
1023 1596 1097 1640 (καὶ
1117 1604 1178 1629 om
1190 1593 1262 1641 Ν),
1288 1597 1411 1638 κορῶν
1435 1603 1477 1628 τε
1503 1592 1718 1637 (φερτάτων
1743 1594 1799 1635 τε)

265 1638 365 1684 osch,
392 1643 507 1685 κορᾶν
525 1651 568 1676 τε
586 1639 698 1685 Tricl,
725 1641 831 1685 κόραι
856 1653 898 1678 τε
923 1653 1030 1687 φερτ.
1051 1643 1222 1685 Λελέγων
1247 1640 1296 1688 (01
1317 1639 1459 1676 Hesiod
1478 1638 1512 1675 fr
1532 1643 1599 1675 141
1620 1637 1687 1686 Rz)
1706 1638 1799 1674 Her-

223 1697 339 1723 mann
363 1687 427 1733 (ap
453 1685 808 1733 Schneidewinuffl,
835 1688 875 1724 cf
898 1699 972 1735 opp
992 1688 1090 1735 vm,
1116 1692 1221 1736 1848,
1245 1691 1348 1736 114),
1383 1701 1489 1734 φερτ.
1516 1689 1724 1732 Θρονιδᾶνῖ
1755 1689 1799 1732 (Β

226 1735 310 1782 533)
335 1734 470 1782 Bergk.
524 1734 795 1771 ‘Temerarium
819 1735 918 1772 foret
943 1737 1114 1774 conicere
1139 1737 1345 1784 φερτάτου’
1373 1735 1525 1772 Boeckh
1550 1747 1575 1770 n
1595 1746 1634 1771 cr
1651 1738 1732 1771 400.
1754 1756 1799 1761 -

224 1782 337 1819 Viam
360 1793 428 1828 per
452 1782 555 1818 invia
572 1782 684 1818 huius
703 1783 779 1818 loci
799 1784 949 1830 aperuit
966 1784 1159 1822 Hermann
1177 1785 1345 1832 pleniore
1364 1785 1451 1832 post
1469 1784 1539 1820 αἰεί
1558 1782 1799 1818 distinctione

225 1830 394 1875 sublata,
428 1842 514 1866 cum
539 1832 653 1867 antea
677 1842 722 1867 vv
740 1834 884 1868 55-56
910 1833 949 1868 et
974 1836 1115 1870 57-59
1141 1835 1240 1880 (πρίν
1260 1851 1305 1864 =
1325 1833 1429 1880 olim)
1455 1831 1588 1868 eadem
1611 1830 1690 1867 fere
1715 1842 1799 1866 nar-

225 1878 300 1914 rari
324 1878 406 1915 visa
430 1880 564 1914 essent.
615 1878 787 1914 Alterum
811 1881 887 1925 est,
917 1881 963 1926 ut
992 1880 1209 1918 desinamus
1234 1881 1508 1929 Protogeneam
1539 1891 1623 1916 cum
1653 1879 1800 1926 mytho-

225 1926 380 1974 graphis
404 1925 594 1973 plerisque
619 1926 659 1962 in
678 1926 829 1963 Elidem
853 1927 1038 1965 deducere
1064 1931 1131 1966 aut
1155 1931 1230 1978 (58)
1253 1930 1300 1966 de
1319 1928 1485 1966 secunda
1504 1928 1633 1974 aliqua
1654 1927 1800 1963 ‘Primi-

273 1974 351 2011 nia’
386 1974 553 2058 cgfItare
590 1975 719 2020 (quam
754 1974 865 2011 bonis
903 1977 1121 2014 auctoribus
1158 1978 1329 2026 ignotam
1360 1988 1442 2014 esse
1474 1976 1604 2012 monui
1633 1975 1800 2012 Zeitschr

349 2022 405 2058 asi
444 2034 480 2058 w
500 2025 592 2058 1885
610 2022 813 2059 Jahresber
831 2025 926 2070 344).
964 2023 1151 2061 Pindarus
1170 2026 1325 2072 quidem
1344 2024 1636 2062 vetustissimam
1657 2023 1800 2059 ‘Proto-

225 2081 367 2154 {eneae
385 2069 531 2106 urbem'
553 2071 611 2116 (41
673 2070 854 2107 osteriore
873 2073 1000 2108 aetate
1017 2071 1134 2109 Eleae
1153 2074 1309 2122 virginis
1329 2073 1563 2121 (Cambysae,
1583 2082 1644 2108 sec
1656 2072 1801 2107 Aristot

241 2131 260 2154 r
278 2122 348 2155 520
367 2118 415 2155 ed
434 2117 555 2164 Berol,
748 2122 832 2164 1023
859 2118 899 2154 cf
920 2119 1025 2155 schol
1043 2120 1144 2157 Laur
1162 2122 1222 2168 Ap
1244 2122 1304 2158 Rh
1324 2125 1352 2158 Α
1366 2123 1426 2168 69)
1451 2121 1529 2157 filio
1553 2119 1655 2156 tradi
1679 2119 1799 2166 fingit,

225 2167 326 2204 unde
353 2165 570 2213 ‘Opuntem’
599 2176 688 2202 nom
710 2178 720 2188 ’
759 2165 850 2202 urbs
876 2168 1066 2213 acceperit
1089 2180 1242 2206 necesse
1267 2171 1342 2216 est,
1377 2170 1454 2206 sive
1478 2168 1657 2217 ignobilis
1681 2178 1800 2213 usque

227 2216 277 2252 ad
307 2214 411 2251 illud¹
434 2216 583 2262 tempus
599 2224 705 2261 ‚prae
736 2213 840 2260 Cyno
872 2215 1039 2261 emporio
1077 2217 1198 2262 (schol
1220 2218 1339 2254 Ambr
1368 2217 1537 2266 [Helian]
1568 2216 1599 2252 Ο
1623 2215 1675 2252 IX
1700 2219 1746 2251 64
1778 2226 1800 2251 a

227 2263 417 2300 Boeckhio
436 2262 663 2309 suppletum,
683 2261 794 2298 Sti-ab
813 2264 910 2309 425),
930 2263 1008 2299 sive
1027 2264 1130 2309 quod
1148 2265 1385 2311 probabilius
1404 2275 1592 2312 anonyma
1611 2266 1678 2300 aut
1695 2263 1800 2299 nullo

226 2312 300 2348 nisi
326 2311 490 2349 civitatis
515 2311 666 2347 nomine
690 2311 826 2356 Λοκροί
849 2310 1056 2348 nominata.
1106 2315 1154 2358 ἦν
1180 2315 1222 2350 δὲ
1246 2316 1389 2360 Λοκρὸς
1419 2314 1594 2364 (Φύςκου
1626 2312 1720 2348 Eust
1751 2311 1799 2346 ad

228 2363 254 2398 Β
274 2363 362 2406 531,
397 2358 485 2396 Plut
508 2371 560 2405 qu
585 2370 630 2406 gr
654 2362 700 2395 15
714 2357 906 2442 ffistpt]
926 2359 1026 2408 τοῦ)
1053 2359 1323 2405 Ἀμφικτύονος
1349 2367 1418 2399 τοῦ
1445 2363 1535 2399 Διός
1566 2359 1670 2397 schol
1695 2359 1725 2395 Ο
1750 2358 1800 2395 IX

227 2412 285 2455 96,
311 2412 351 2454 2,
376 2419 416 2445 er
443 2418 465 2444 o
490 2412 619 2453 κοῡροι
644 2409 690 2443 56
787 2406 1012 2452 phictiones,
1037 2406 1255 2454 Amphictio
1281 2411 1409 2446 autem
1434 2409 1639 2447 secundum
1663 2407 1800 2444 Pinda-

227 2468 310 2493 rum
334 2420 500 2503 PyrrIiae
524 2466 599 2511 non
624 2454 723 2491 filius
748 2453 927 2501 (Apollod
952 2454 969 2489 Ι
993 2458 1039 2490 49
1059 2454 1139 2502 W),
1165 2456 1233 2492 sed
1256 2468 1393 2504 nepos,
1417 2458 1674 2505 Protogeneae
1700 2457 1798 2501 (Ἰαπ.

227 2509 337 2551 φύτλ.
364 2507 494 2551 κορᾶν)
519 2503 619 2540 filius
733 2502 784 2539 58
810 2503 990 2548 θυγατέρ’
1014 2501 1093 2548 ΑΟ,
1118 2504 1188 2540 τὰν
1211 2507 1312 2542 παῖδ’
1336 2507 1412 2553 (διὰ
1435 2508 1481 2543 τὸ
1507 2509 1653 2551 μέτρον,
1680 2503 1720 2539 ef
1740 2504 1800 2550 83)

227 2553 407 2600 interpoll
463 2554 649 2590 ὁποῦντος
665 2550 845 2598 inter-poll
905 2551 1130 2596 ἀναρπάςαις
1148 2550 1199 2586 Bt·
1217 2551 1330 2599 solus,
1356 2555 1534 2599 ἁρπάςαις
1551 2554 1613 2599 Al,
1638 2554 1801 2599 ἁρπάςας

227 2602 315 2648 AV,
340 2603 552 2647 ἀναρπάςας
575 2599 646 2636 rell
706 2602 837 2645 ἕκηλος
864 2598 896 2636 G
999 2597 1051 2635 59
1076 2599 1244 2645 ἔνεικε(ν)
1269 2599 1370 2646 libri,
1395 2601 1471 2647 prll
1494 2601 1566 2637 11⁸⁸
1667 2599 1719 2635 60
1742 2612 1800 2635 νιν

230 2649 270 2695 0,
296 2662 356 2695 μιν
380 2648 451 2686 rell
512 2649 662 2695 ἑφάψας
685 2646 786 2694 libri,
812 2657 894 2684 corr
917 2645 1048 2692 Heyne
1145 2645 1296 2683 60-61
1323 2649 1492 2695 paraphr
1515 2651 1579 2687 ἵνα
1598 2651 1646 2694 μὴ
1667 2650 1688 2684 ὁ
1707 2647 1799 2683 αἰὼν

228 2700 288 2735 καὶ
313 2699 335 2735 ὁ
359 2699 495 2744 χρόνος
519 2698 636 2734 αὐτὸν
661 2697 776 2734 ἐξέλοι
800 2699 869 2740 τῆς
893 2698 991 2740 ζωῆς
1014 2694 1185 2740 ὀρφανὸν
1216 2699 1348 2738 γενεᾶς
1378 2696 1535 2743 iungere
1565 2697 1713 2734 videtur
1743 2707 1800 2731 νιν

228 2746 399 2792 ὀρφανόν
424 2745 479 2794 (ef
499 2745 631 2782 Mosch
655 2747 738 2790 328,
763 2747 809 2780 20
834 2743 925 2791 Ab),
962 2742 1114 2787 durum3
1150 2752 1240 2777 nam
1269 2744 1357 2788 post
1388 2744 1554 2789 ἐφάψαις
1585 2745 1799 2791 expectares

228 2793 399 2841 ὀρφανῷ.
449 2793 654 2841 Corruptus
683 2792 788 2829 locus
820 2790 1018 2829 videbatur
1048 2789 1244 2845 Hartungo
1277 2791 1316 2826 et
1345 2790 1510 2855 Bergkio
1545 2793 1629 2847 (αἰῶ
1660 2793 1800 2836 πότμος

229 2840 449 2878 dubitanter
472 2841 705 2890 conicienti);
739 2842 801 2878 ‘ne
829 2840 880 2877 ad
907 2838 1074 2884 inferos',
1108 2838 1232 2883 inquit
1258 2839 1389 2884 poeta,
1438 2849 1525 2874 eum
1549 2842 1606 2876 ita
1638 2839 1800 2876 auferret

230 2898 364 2925 aevum
388 2891 526 2936 (δόλιος
549 2891 643 2927 αἰὼν
664 2890 813 2926 ἑλίςςων
833 2889 914 2934 βίου
931 2889 1050 2934 πόρον
1074 2886 1092 2922 Ῑ
1110 2885 1195 2922 VIII
1216 2890 1272 2931 14,
1297 2887 1318 2922 ὁ
1338 2887 1510 2931 μόρςιμος
1528 2890 1622 2924 αίών
1642 2887 1709 2923 VII
1728 2887 1800 2932 41),

229 2938 274 2972 ut
296 2937 485 2984 infligeret
508 2937 546 2974 ei
569 2939 709 2974 sortem
731 2936 862 2974 liberis
880 2935 1026 2974 orbam’
1132 2933 1182 2971 61
1209 2936 1291 2979 ἔχεν
1305 2934 1375 2971 Aac
1401 2944 1421 2968 0
1438 2933 1629 2980 interpell,
1654 2938 1715 2979 ἔχε
1730 2935 1801 2971 ΑΝ

230 2984 270 3019 et
293 2984 418 3031 vulgo,
441 2987 574 3032 ἔςχε(ν)
599 2984 670 3022 OD
694 2984 748 3021 all
1386 3020 1388 3023 .
