<?xml version="1.0" encoding="UTF-8"?>
<!DOCTYPE html PUBLIC "-//W3C//DTD XHTML 1.0 Transitional//EN"
    "http://www.w3.org/TR/xhtml1/DTD/xhtml1-transitional.dtd">
<html xmlns="http://www.w3.org/1999/xhtml" xml:lang="en" lang="en">
 <head>
  <title>
</title>
<meta http-equiv="Content-Type" content="text/html;charset=utf-8" />
  <meta name='ocr-system' content='tesseract 3.04.00' />
  <meta name='ocr-capabilities' content='ocr_page ocr_carea ocr_par ocr_line ocrx_word'/>
</head>
<body>
  <div class='ocr_page' id='page_1' title='image "./pt1poetaelyricig01berguoft/pt1poetaelyricig01berguoft_0414.png"; bbox 0 0 2014 3360; ppageno 0'>
   <div class='ocr_carea' id='block_1_1' title="bbox 276 181 1324 224">
    <p class='ocr_par' dir='ltr' id='par_1_1' title="bbox 276 181 1324 224">
     <span class='ocr_line' id='line_1_1' title="bbox 276 181 1324 224; baseline -0.001 -6"><span class='ocrx_word' id='word_1_1' title='bbox 276 181 363 224; x_wconf 78' lang='lat'>406</span> <span class='ocrx_word' id='word_1_2' title='bbox 793 181 995 218; x_wconf 85' lang='lat' dir='ltr'><strong>PINDARI</strong></span> <span class='ocrx_word' id='word_1_3' title='bbox 1020 181 1324 217; x_wconf 80' lang='lat' dir='ltr'><strong>FRAGMENTA</strong></span> 
     </span>
    </p>
   </div>
   <div class='ocr_carea' id='block_1_2' title="bbox 965 276 1151 348">
    <p class='ocr_par' dir='ltr' id='par_1_2' title="bbox 965 276 1151 348">
     <span class='ocr_line' id='line_1_2' title="bbox 965 276 1151 348; baseline 0 -15"><span class='ocrx_word' id='word_1_4' title='bbox 965 291 1019 334; x_wconf 83' lang='lat'>67</span> <span class='ocrx_word' id='word_1_5' title='bbox 1054 276 1151 348; x_wconf 72' lang='lat'>(40)</span> 
     </span>
    </p>
   </div>
   <div class='ocr_carea' id='block_1_3' title="bbox 274 371 1845 502">
    <p class='ocr_par' dir='ltr' id='par_1_3' title="bbox 274 371 1845 502">
     <span class='ocr_line' id='line_1_3' title="bbox 334 371 1845 418; baseline 0.001 -11"><span class='ocrx_word' id='word_1_6' title='bbox 334 381 336 383; x_wconf 68' lang='grc'><strong><em>’</em></strong></span> <span class='ocrx_word' id='word_1_7' title='bbox 395 371 505 408; x_wconf 73' lang='lat' dir='ltr'><strong>schol</strong></span> <span class='ocrx_word' id='word_1_8' title='bbox 525 371 621 407; x_wconf 85' lang='lat' dir='ltr'><strong>Pind</strong></span> <span class='ocrx_word' id='word_1_9' title='bbox 642 371 671 407; x_wconf 92' lang='lat' dir='ltr'>O</span> <span class='ocrx_word' id='word_1_10' title='bbox 691 371 708 405; x_wconf 91' lang='lat' dir='ltr'>I</span> <span class='ocrx_word' id='word_1_11' title='bbox 728 375 772 406; x_wconf 77' lang='lat'>26</span> <span class='ocrx_word' id='word_1_12' title='bbox 799 371 918 418; x_wconf 53' lang='lat' dir='ltr'>(HQM</span> <span class='ocrx_word' id='word_1_13' title='bbox 968 374 1050 417; x_wconf 81' lang='grc' dir='ltr'>περὶ</span> <span class='ocrx_word' id='word_1_14' title='bbox 1087 373 1128 408; x_wconf 83' lang='grc' dir='ltr'>δὲ</span> <span class='ocrx_word' id='word_1_15' title='bbox 1164 375 1231 414; x_wconf 86' lang='grc' dir='ltr'>τῆς</span> <span class='ocrx_word' id='word_1_16' title='bbox 1263 373 1409 416; x_wconf 78' lang='grc' dir='ltr'>δωριςτῖ</span> <span class='ocrx_word' id='word_1_17' title='bbox 1433 371 1610 417; x_wconf 85' lang='grc' dir='ltr'>ἁρμονίας</span> <span class='ocrx_word' id='word_1_18' title='bbox 1633 372 1777 417; x_wconf 79' lang='grc' dir='ltr'>εἴρηται</span> <span class='ocrx_word' id='word_1_19' title='bbox 1800 372 1845 409; x_wconf 73' lang='grc' dir='ltr'>ἐν’</span> 
     </span>
     <span class='ocr_line' id='line_1_4' title="bbox 274 418 1842 502; baseline 0.002 -48"><span class='ocrx_word' id='word_1_20' title='bbox 274 423 436 502; x_wconf 40' lang='lat' dir='ltr'>{gae-w,</span> <span class='ocrx_word' id='word_1_21' title='bbox 473 421 532 455; x_wconf 79' lang='grc' dir='ltr'>ὅτι</span> <span class='ocrx_word' id='word_1_22' title='bbox 569 418 806 465; x_wconf 79' lang='lat' dir='ltr'>(Schneider,</span> <span class='ocrx_word' id='word_1_23' title='bbox 841 423 963 455; x_wconf 84' lang='grc' dir='ltr'>παιᾱςι</span> <span class='ocrx_word' id='word_1_24' title='bbox 999 421 1086 455; x_wconf 81' lang='grc' dir='ltr'>ποτὶ</span> <span class='ocrx_word' id='word_1_25' title='bbox 1123 419 1234 465; x_wconf 83' lang='lat' dir='ltr'><strong>codd)</strong></span> <span class='ocrx_word' id='word_1_26' title='bbox 1272 421 1437 464; x_wconf 80' lang='grc' dir='ltr'>δώριον</span> <span class='ocrx_word' id='word_1_27' title='bbox 1474 419 1581 463; x_wconf 81' lang='grc' dir='ltr'>μέλος</span> <span class='ocrx_word' id='word_1_28' title='bbox 1616 420 1842 497; x_wconf 69' lang='grc' dir='ltr'>ςεμνοτατον</span> 
     </span>
    </p>
   </div>
   <div class='ocr_carea' id='block_1_4' title="bbox 966 562 1154 621">
    <p class='ocr_par' dir='ltr' id='par_1_4' title="bbox 966 562 1154 621">
     <span class='ocr_line' id='line_1_5' title="bbox 966 562 1154 621; baseline 0.011 -18"><span class='ocrx_word' id='word_1_29' title='bbox 966 567 1020 606; x_wconf 57' lang='lat' dir='ltr'>css</span> <span class='ocrx_word' id='word_1_30' title='bbox 1054 562 1154 621; x_wconf 75' lang='lat'>(41)</span> 
     </span>
    </p>
   </div>
   <div class='ocr_carea' id='block_1_5' title="bbox 259 644 1842 786">
    <p class='ocr_par' dir='ltr' id='par_1_5' title="bbox 259 644 1842 786">
     <span class='ocr_line' id='line_1_6' title="bbox 259 644 1842 691; baseline 0.002 -12"><span class='ocrx_word' id='word_1_31' title='bbox 259 685 261 687; x_wconf 43' lang='grc'><strong>,</strong></span> <span class='ocrx_word' id='word_1_32' title='bbox 395 644 505 680; x_wconf 81' lang='lat' dir='ltr'>Schol</span> <span class='ocrx_word' id='word_1_33' title='bbox 530 645 647 680; x_wconf 81' lang='lat' dir='ltr'><strong>Ambr</strong></span> <span class='ocrx_word' id='word_1_34' title='bbox 672 645 701 681; x_wconf 91' lang='lat' dir='ltr'>O</span> <span class='ocrx_word' id='word_1_35' title='bbox 728 645 761 680; x_wconf 90' lang='grc' dir='ltr'>ΙΙ</span> <span class='ocrx_word' id='word_1_36' title='bbox 783 648 841 680; x_wconf 85' lang='lat'>70:</span> <span class='ocrx_word' id='word_1_37' title='bbox 882 646 920 681; x_wconf 86' lang='grc' dir='ltr'>ἑν</span> <span class='ocrx_word' id='word_1_38' title='bbox 953 647 993 681; x_wconf 79' lang='grc' dir='ltr'>οὲ</span> <span class='ocrx_word' id='word_1_39' title='bbox 1023 650 1104 681; x_wconf 81' lang='grc' dir='ltr'>τοῖς</span> <span class='ocrx_word' id='word_1_40' title='bbox 1132 648 1277 681; x_wconf 85' lang='grc' dir='ltr'>παιᾶςιν</span> <span class='ocrx_word' id='word_1_41' title='bbox 1312 646 1452 690; x_wconf 85' lang='grc' dir='ltr'>εἴρηται</span> <span class='ocrx_word' id='word_1_42' title='bbox 1476 647 1559 690; x_wconf 81' lang='grc' dir='ltr'>περὶ</span> <span class='ocrx_word' id='word_1_43' title='bbox 1583 647 1653 681; x_wconf 82' lang='grc' dir='ltr'>τοῦ</span> <span class='ocrx_word' id='word_1_44' title='bbox 1677 649 1842 691; x_wconf 83' lang='grc' dir='ltr'>χρηςμοῦ</span> 
     </span>
     <span class='ocr_line' id='line_1_7' title="bbox 276 693 1840 739; baseline 0.001 -12"><span class='ocrx_word' id='word_1_45' title='bbox 276 696 344 728; x_wconf 84' lang='grc' dir='ltr'>τοῦ</span> <span class='ocrx_word' id='word_1_46' title='bbox 376 694 592 729; x_wconf 80' lang='grc' dir='ltr'>ἑκπεςόντος</span> <span class='ocrx_word' id='word_1_47' title='bbox 617 695 754 739; x_wconf 80' lang='grc' dir='ltr'>Λαΐῳ,</span> <span class='ocrx_word' id='word_1_48' title='bbox 793 694 887 729; x_wconf 85' lang='grc' dir='ltr'>καθὰ</span> <span class='ocrx_word' id='word_1_49' title='bbox 925 694 984 728; x_wconf 80' lang='grc' dir='ltr'>καί</span> <span class='ocrx_word' id='word_1_50' title='bbox 1010 693 1179 729; x_wconf 84' lang='grc' dir='ltr'>Μναςέας</span> <span class='ocrx_word' id='word_1_51' title='bbox 1214 694 1254 728; x_wconf 86' lang='grc' dir='ltr'>ἑν</span> <span class='ocrx_word' id='word_1_52' title='bbox 1284 697 1341 739; x_wconf 81' lang='grc' dir='ltr'>τῷ</span> <span class='ocrx_word' id='word_1_53' title='bbox 1370 694 1454 737; x_wconf 80' lang='grc' dir='ltr'>περὶ</span> <span class='ocrx_word' id='word_1_54' title='bbox 1484 695 1659 738; x_wconf 76' lang='grc' dir='ltr'>χρηεμῶν</span> <span class='ocrx_word' id='word_1_55' title='bbox 1687 693 1840 738; x_wconf 84' lang='grc' dir='ltr'>γράφει·</span> 
     </span>
     <span class='ocr_line' id='line_1_8' title="bbox 276 740 1206 786; baseline 0 -11"><span class='ocrx_word' id='word_1_56' title='bbox 276 740 363 775; x_wconf 81' lang='grc' dir='ltr'>Λάῖε</span> <span class='ocrx_word' id='word_1_57' title='bbox 389 740 610 785; x_wconf 83' lang='grc' dir='ltr'>Λαβδακίδη,</span> <span class='ocrx_word' id='word_1_58' title='bbox 636 741 784 785; x_wconf 84' lang='grc' dir='ltr'>ἀνδρῶν</span> <span class='ocrx_word' id='word_1_59' title='bbox 809 742 1019 786; x_wconf 86' lang='grc' dir='ltr'>περιώνυμε</span> <span class='ocrx_word' id='word_1_60' title='bbox 1043 742 1206 776; x_wconf 88' lang='grc' dir='ltr'>πάντων.</span> 
     </span>
    </p>
   </div>
   <div class='ocr_carea' id='block_1_6' title="bbox 967 858 1154 918">
    <p class='ocr_par' dir='ltr' id='par_1_6' title="bbox 967 858 1154 918">
     <span class='ocr_line' id='line_1_9' title="bbox 967 858 1154 918; baseline 0.011 -17"><span class='ocrx_word' id='word_1_61' title='bbox 967 862 1024 903; x_wconf 63' lang='grc' dir='ltr'><strong>(ῖς)-</strong></span> <span class='ocrx_word' id='word_1_62' title='bbox 1056 858 1154 918; x_wconf 74' lang='lat'><strong>(42)</strong></span> 
     </span>
    </p>
   </div>
   <div class='ocr_carea' id='block_1_7' title="bbox 280 941 1875 1082">
    <p class='ocr_par' dir='ltr' id='par_1_7' title="bbox 280 941 1875 1082">
     <span class='ocr_line' id='line_1_10' title="bbox 399 941 1844 988; baseline 0.001 -12"><span class='ocrx_word' id='word_1_63' title='bbox 399 941 509 977; x_wconf 81' lang='lat' dir='ltr'>Schol</span> <span class='ocrx_word' id='word_1_64' title='bbox 535 941 563 976; x_wconf 92' lang='lat' dir='ltr'><strong>P</strong></span> <span class='ocrx_word' id='word_1_65' title='bbox 589 941 638 976; x_wconf 94' lang='lat' dir='ltr'>VI</span> <span class='ocrx_word' id='word_1_66' title='bbox 657 942 714 977; x_wconf 78' lang='lat'>4²:</span> <span class='ocrx_word' id='word_1_67' title='bbox 749 943 788 977; x_wconf 81' lang='grc' dir='ltr'>ἐν</span> <span class='ocrx_word' id='word_1_68' title='bbox 819 946 867 987; x_wconf 81' lang='grc' dir='ltr'>τῇ</span> <span class='ocrx_word' id='word_1_69' title='bbox 899 943 1120 988; x_wconf 81' lang='grc' dir='ltr'>πολυχρύεῳ</span> <span class='ocrx_word' id='word_1_70' title='bbox 1151 941 1429 987; x_wconf 84' lang='grc' dir='ltr'>Ἀπολλωνίᾳ</span> <span class='ocrx_word' id='word_1_71' title='bbox 1459 941 1595 987; x_wconf 84' lang='grc' dir='ltr'>νάπῃ,</span> <span class='ocrx_word' id='word_1_72' title='bbox 1621 942 1703 987; x_wconf 78' lang='grc' dir='ltr'>περὶ</span> <span class='ocrx_word' id='word_1_73' title='bbox 1733 942 1778 985; x_wconf 85' lang='grc' dir='ltr'>ἧς</span> <span class='ocrx_word' id='word_1_74' title='bbox 1803 942 1844 978; x_wconf 88' lang='grc' dir='ltr'>ἑν</span> 
     </span>
     <span class='ocr_line' id='line_1_11' title="bbox 280 988 1875 1035; baseline 0.001 -11"><span class='ocrx_word' id='word_1_75' title='bbox 280 992 433 1025; x_wconf 84' lang='grc' dir='ltr'>παιᾶςιν·</span> <span class='ocrx_word' id='word_1_76' title='bbox 449 990 602 1034; x_wconf 82' lang='grc' dir='ltr'>εἴρηται.</span> <span class='ocrx_word' id='word_1_77' title='bbox 647 988 791 1025; x_wconf 78' lang='lat' dir='ltr'>Schol³z</span> <span class='ocrx_word' id='word_1_78' title='bbox 818 990 891 1025; x_wconf 78' lang='grc' dir='ltr'>ἐκεῖ</span> <span class='ocrx_word' id='word_1_79' title='bbox 915 990 987 1034; x_wconf 87' lang='grc' dir='ltr'>γὰρ</span> <span class='ocrx_word' id='word_1_80' title='bbox 1012 990 1068 1034; x_wconf 87' lang='grc' dir='ltr'>(ἑν</span> <span class='ocrx_word' id='word_1_81' title='bbox 1091 989 1227 1035; x_wconf 82' lang='grc' dir='ltr'>Πυθοῖ)</span> <span class='ocrx_word' id='word_1_82' title='bbox 1253 991 1276 1033; x_wconf 87' lang='grc' dir='ltr'>ή</span> <span class='ocrx_word' id='word_1_83' title='bbox 1305 988 1532 1025; x_wconf 81' lang='grc' dir='ltr'>Ἀπολλωνία</span> <span class='ocrx_word' id='word_1_84' title='bbox 1555 990 1668 1034; x_wconf 82' lang='grc' dir='ltr'>νάπη,</span> <span class='ocrx_word' id='word_1_85' title='bbox 1692 990 1776 1035; x_wconf 78' lang='grc' dir='ltr'>περὶ</span> <span class='ocrx_word' id='word_1_86' title='bbox 1800 989 1845 1034; x_wconf 82' lang='grc' dir='ltr'>ἧς</span> <span class='ocrx_word' id='word_1_87' title='bbox 1873 1007 1875 1009; x_wconf 88' lang='grc'><em>·</em></span> 
     </span>
     <span class='ocr_line' id='line_1_12' title="bbox 281 1037 670 1082; baseline 0.003 -10"><span class='ocrx_word' id='word_1_88' title='bbox 281 1038 322 1072; x_wconf 81' lang='grc' dir='ltr'>ἐν</span> <span class='ocrx_word' id='word_1_89' title='bbox 347 1040 491 1072; x_wconf 86' lang='grc' dir='ltr'>παιᾱςιν</span> <span class='ocrx_word' id='word_1_90' title='bbox 516 1037 670 1082; x_wconf 82' lang='grc' dir='ltr'>εἴρηται.</span> 
     </span>
    </p>
   </div>
   <div class='ocr_carea' id='block_1_8' title="bbox 968 1131 1154 1190">
    <p class='ocr_par' dir='ltr' id='par_1_8' title="bbox 968 1131 1154 1190">
     <span class='ocr_line' id='line_1_13' title="bbox 968 1131 1154 1190; baseline -0.005 -14"><span class='ocrx_word' id='word_1_91' title='bbox 968 1134 1024 1176; x_wconf 73' lang='grc' dir='ltr'>το</span> <span class='ocrx_word' id='word_1_92' title='bbox 1056 1131 1154 1190; x_wconf 70' lang='lat'>(39)</span> 
     </span>
    </p>
   </div>
   <div class='ocr_carea' id='block_1_9' title="bbox 277 1213 1844 1308">
    <p class='ocr_par' dir='ltr' id='par_1_9' title="bbox 277 1213 1844 1308">
     <span class='ocr_line' id='line_1_14' title="bbox 397 1213 1844 1261; baseline 0.001 -11"><span class='ocrx_word' id='word_1_93' title='bbox 397 1214 506 1250; x_wconf 78' lang='lat' dir='ltr'>Schol</span> <span class='ocrx_word' id='word_1_94' title='bbox 531 1213 560 1250; x_wconf 93' lang='lat' dir='ltr'><strong>P</strong></span> <span class='ocrx_word' id='word_1_95' title='bbox 586 1215 652 1250; x_wconf 90' lang='lat' dir='ltr'>XII</span> <span class='ocrx_word' id='word_1_96' title='bbox 671 1219 735 1250; x_wconf 76' lang='lat'>45:</span> <span class='ocrx_word' id='word_1_97' title='bbox 774 1215 814 1250; x_wconf 84' lang='grc' dir='ltr'>ἐν</span> <span class='ocrx_word' id='word_1_98' title='bbox 839 1216 911 1260; x_wconf 85' lang='grc' dir='ltr'>γὰρ</span> <span class='ocrx_word' id='word_1_99' title='bbox 935 1218 991 1261; x_wconf 80' lang='grc' dir='ltr'>τῷ</span> <span class='ocrx_word' id='word_1_100' title='bbox 1017 1215 1185 1260; x_wconf 83' lang='grc' dir='ltr'>Κηφιςςῷ</span> <span class='ocrx_word' id='word_1_101' title='bbox 1211 1214 1246 1250; x_wconf 82' lang='grc' dir='ltr'>οἱ</span> <span class='ocrx_word' id='word_1_102' title='bbox 1271 1215 1461 1258; x_wconf 83' lang='grc' dir='ltr'>αὒλητικοί</span> <span class='ocrx_word' id='word_1_103' title='bbox 1487 1215 1642 1259; x_wconf 85' lang='grc' dir='ltr'>κάλαμοι</span> <span class='ocrx_word' id='word_1_104' title='bbox 1666 1215 1844 1260; x_wconf 80' lang='grc' dir='ltr'>φύονται·</span> 
     </span>
     <span class='ocr_line' id='line_1_15' title="bbox 277 1259 1521 1308; baseline -0.002 -9"><span class='ocrx_word' id='word_1_105' title='bbox 277 1263 420 1308; x_wconf 82' lang='grc' dir='ltr'>εἴρηται</span> <span class='ocrx_word' id='word_1_106' title='bbox 443 1264 484 1300; x_wconf 82' lang='grc' dir='ltr'>δὲ</span> <span class='ocrx_word' id='word_1_107' title='bbox 510 1264 569 1299; x_wconf 80' lang='grc' dir='ltr'>καί</span> <span class='ocrx_word' id='word_1_108' title='bbox 595 1263 635 1299; x_wconf 83' lang='grc' dir='ltr'>ἑν</span> <span class='ocrx_word' id='word_1_109' title='bbox 658 1266 782 1299; x_wconf 81' lang='grc' dir='ltr'>παιᾶςι</span> <span class='ocrx_word' id='word_1_110' title='bbox 806 1264 889 1307; x_wconf 79' lang='grc' dir='ltr'>περὶ</span> <span class='ocrx_word' id='word_1_111' title='bbox 915 1263 1125 1307; x_wconf 83' lang='grc' dir='ltr'>αὐλητικῆς.</span> <span class='ocrx_word' id='word_1_112' title='bbox 1176 1260 1272 1298; x_wconf 82' lang='lat' dir='ltr'>Conf</span> <span class='ocrx_word' id='word_1_113' title='bbox 1294 1261 1344 1297; x_wconf 83' lang='lat' dir='ltr'>ad</span> <span class='ocrx_word' id='word_1_114' title='bbox 1368 1261 1403 1297; x_wconf 83' lang='lat' dir='ltr'>fr</span> <span class='ocrx_word' id='word_1_115' title='bbox 1420 1259 1521 1298; x_wconf 77' lang='lat' dir='ltr'>249b.</span> 
     </span>
    </p>
   </div>
   <div class='ocr_carea' id='block_1_10' title="bbox 795 1542 1331 1606">
    <p class='ocr_par' dir='ltr' id='par_1_10' title="bbox 795 1542 1331 1606">
     <span class='ocr_line' id='line_1_16' title="bbox 795 1542 1331 1606; baseline -0.004 0"><span class='ocrx_word' id='word_1_116' title='bbox 795 1542 1331 1606; x_wconf 83' lang='grc' dir='ltr'>ΔΙΘΤΡΑΜΒΟῙ</span> 
     </span>
    </p>
   </div>
   <div class='ocr_carea' id='block_1_11' title="bbox 971 1641 1157 1724">
    <p class='ocr_par' dir='ltr' id='par_1_11' title="bbox 971 1641 1157 1724">
     <span class='ocr_line' id='line_1_17' title="bbox 971 1641 1157 1724; baseline -0.005 -13"><span class='ocrx_word' id='word_1_117' title='bbox 971 1641 1022 1711; x_wconf 65' lang='grc'>71</span> <span class='ocrx_word' id='word_1_118' title='bbox 1059 1665 1157 1724; x_wconf 81' lang='lat'><strong>(43)</strong></span> 
     </span>
    </p>
   </div>
   <div class='ocr_carea' id='block_1_12' title="bbox 277 1748 1847 1890">
    <p class='ocr_par' dir='ltr' id='par_1_12' title="bbox 277 1748 1847 1890">
     <span class='ocr_line' id='line_1_18' title="bbox 396 1748 1847 1793; baseline -0.001 -8"><span class='ocrx_word' id='word_1_119' title='bbox 396 1748 509 1786; x_wconf 84' lang='lat' dir='ltr'>Schol</span> <span class='ocrx_word' id='word_1_120' title='bbox 531 1749 628 1791; x_wconf 82' lang='lat' dir='ltr'><strong>Pind</strong></span> <span class='ocrx_word' id='word_1_121' title='bbox 655 1749 684 1785; x_wconf 95' lang='lat' dir='ltr'>O</span> <span class='ocrx_word' id='word_1_122' title='bbox 708 1748 796 1784; x_wconf 89' lang='lat' dir='ltr'>XIII</span> <span class='ocrx_word' id='word_1_123' title='bbox 816 1753 877 1784; x_wconf 82' lang='lat'>25:</span> <span class='ocrx_word' id='word_1_124' title='bbox 916 1751 938 1785; x_wconf 86' lang='grc' dir='ltr'><em>ὸ</em></span> <span class='ocrx_word' id='word_1_125' title='bbox 962 1748 1151 1793; x_wconf 87' lang='grc' dir='ltr'>Πίνδαρος</span> <span class='ocrx_word' id='word_1_126' title='bbox 1182 1750 1222 1784; x_wconf 82' lang='grc' dir='ltr'>δὲ</span> <span class='ocrx_word' id='word_1_127' title='bbox 1247 1749 1288 1784; x_wconf 82' lang='grc' dir='ltr'>ἐν</span> <span class='ocrx_word' id='word_1_128' title='bbox 1319 1749 1385 1792; x_wconf 88' lang='grc' dir='ltr'>μὲν</span> <span class='ocrx_word' id='word_1_129' title='bbox 1418 1753 1495 1784; x_wconf 82' lang='grc' dir='ltr'>τοῖς</span> <span class='ocrx_word' id='word_1_130' title='bbox 1520 1749 1772 1793; x_wconf 80' lang='grc' dir='ltr'>ὑπορχήμαςιν</span> <span class='ocrx_word' id='word_1_131' title='bbox 1799 1749 1847 1785; x_wconf 85' lang='grc' dir='ltr'>ἐν</span> 
     </span>
     <span class='ocr_line' id='line_1_19' title="bbox 278 1795 1845 1843; baseline -0.001 -10"><span class='ocrx_word' id='word_1_132' title='bbox 278 1797 403 1843; x_wconf 83' lang='grc' dir='ltr'>Νάξῳ</span> <span class='ocrx_word' id='word_1_133' title='bbox 428 1798 541 1842; x_wconf 80' lang='grc' dir='ltr'>φηςὶν</span> <span class='ocrx_word' id='word_1_134' title='bbox 565 1799 761 1842; x_wconf 77' lang='grc' dir='ltr'>εὑρεθῆναι</span> <span class='ocrx_word' id='word_1_135' title='bbox 785 1801 939 1842; x_wconf 85' lang='grc' dir='ltr'>πρῶτον</span> <span class='ocrx_word' id='word_1_136' title='bbox 964 1797 1190 1841; x_wconf 85' lang='grc' dir='ltr'>διθύραμβον</span> <span class='ocrx_word' id='word_1_137' title='bbox 1216 1795 1264 1841; x_wconf 89' lang='lat' dir='ltr'>(fr</span> <span class='ocrx_word' id='word_1_138' title='bbox 1276 1796 1369 1840; x_wconf 78' lang='lat'>115),</span> <span class='ocrx_word' id='word_1_139' title='bbox 1396 1797 1435 1831; x_wconf 83' lang='grc' dir='ltr'>ἑν</span> <span class='ocrx_word' id='word_1_140' title='bbox 1461 1797 1501 1832; x_wconf 81' lang='grc' dir='ltr'>δὲ</span> <span class='ocrx_word' id='word_1_141' title='bbox 1528 1800 1581 1841; x_wconf 81' lang='grc' dir='ltr'>τῷ</span> <span class='ocrx_word' id='word_1_142' title='bbox 1607 1797 1748 1842; x_wconf 82' lang='grc' dir='ltr'>πρώτῳ</span> <span class='ocrx_word' id='word_1_143' title='bbox 1767 1799 1845 1832; x_wconf 84' lang='grc' dir='ltr'>τῶν</span> 
     </span>
     <span class='ocr_line' id='line_1_20' title="bbox 277 1842 1552 1890; baseline -0.002 -9"><span class='ocrx_word' id='word_1_144' title='bbox 277 1845 512 1890; x_wconf 76' lang='grc' dir='ltr'>διθυράμβων</span> <span class='ocrx_word' id='word_1_145' title='bbox 537 1846 584 1881; x_wconf 87' lang='grc' dir='ltr'>ἑν</span> <span class='ocrx_word' id='word_1_146' title='bbox 609 1845 792 1890; x_wconf 86' lang='grc' dir='ltr'>Θήβαις,</span> <span class='ocrx_word' id='word_1_147' title='bbox 817 1845 980 1880; x_wconf 79' lang='grc' dir='ltr'>ἐνταῦθα</span> <span class='ocrx_word' id='word_1_148' title='bbox 1005 1845 1045 1880; x_wconf 83' lang='grc' dir='ltr'>δὲ</span> <span class='ocrx_word' id='word_1_149' title='bbox 1071 1843 1116 1890; x_wconf 93' lang='lat' dir='ltr'>(O</span> <span class='ocrx_word' id='word_1_150' title='bbox 1142 1842 1239 1889; x_wconf 82' lang='lat' dir='ltr'>xm)</span> <span class='ocrx_word' id='word_1_151' title='bbox 1266 1844 1312 1879; x_wconf 81' lang='grc' dir='ltr'>ἐν</span> <span class='ocrx_word' id='word_1_152' title='bbox 1340 1843 1552 1889; x_wconf 87' lang='grc' dir='ltr'>Κορίνθῳ.</span> 
     </span>
    </p>
   </div>
   <div class='ocr_carea' id='block_1_13' title="bbox 921 1965 1258 2116">
    <p class='ocr_par' dir='ltr' id='par_1_13' title="bbox 921 1965 1258 2116">
     <span class='ocr_line' id='line_1_21' title="bbox 993 1965 1134 1998; baseline -0.007 0"><span class='ocrx_word' id='word_1_153' title='bbox 993 1965 1134 1998; x_wconf 82' lang='grc'><strong>72-74</strong></span> 
     </span>
     <span class='ocr_line' id='line_1_22' title="bbox 921 2038 1258 2116; baseline 0 -14"><span class='ocrx_word' id='word_1_154' title='bbox 921 2058 1206 2116; x_wconf 51' lang='lat' dir='ltr'>nepum&gt;</span> <span class='ocrx_word' id='word_1_155' title='bbox 1256 2038 1258 2040; x_wconf 71' lang='grc'><strong>’</strong></span> 
     </span>
    </p>
   </div>
   <div class='ocr_carea' id='block_1_14' title="bbox 349 2164 1396 2374">
    <p class='ocr_par' dir='ltr' id='par_1_14' title="bbox 349 2164 1396 2374">
     <span class='ocr_line' id='line_1_23' title="bbox 972 2164 1158 2225; baseline -0.005 -15"><span class='ocrx_word' id='word_1_156' title='bbox 972 2168 1026 2210; x_wconf 78' lang='grc'>72</span> <span class='ocrx_word' id='word_1_157' title='bbox 1059 2164 1158 2225; x_wconf 86' lang='grc'>(44)</span> 
     </span>
     <span class='ocr_line' id='line_1_24' title="bbox 452 2249 1396 2306; baseline -0.001 -13.098"><span class='ocrx_word' id='word_1_158' title='bbox 452 2249 601 2306; x_wconf 82' lang='grc' dir='ltr'>ἀλόχῳ</span> <span class='ocrx_word' id='word_1_159' title='bbox 633 2251 740 2294; x_wconf 81' lang='grc' dir='ltr'>ποτὲ</span> <span class='ocrx_word' id='word_1_160' title='bbox 772 2251 1010 2304; x_wconf 83' lang='grc' dir='ltr'>θωραχθεὶς.</span> <span class='ocrx_word' id='word_1_161' title='bbox 1027 2249 1157 2303; x_wconf 61' lang='grc' dir='ltr'>,ἔπεχ’</span> <span class='ocrx_word' id='word_1_162' title='bbox 1189 2249 1396 2306; x_wconf 87' lang='grc' dir='ltr'>ἀλλοτρίᾳ</span> 
     </span>
     <span class='ocr_line' id='line_1_25' title="bbox 349 2321 888 2374; baseline -0.011 -9"><span class='ocrx_word' id='word_1_163' title='bbox 349 2321 545 2374; x_wconf 88' lang='grc' dir='ltr'>Ὀαρίων.</span> <span class='ocrx_word' id='word_1_164' title='bbox 886 2325 888 2327; x_wconf 79' lang='grc'><strong><em>·</em></strong></span> 
     </span>
    </p>
   </div>
   <div class='ocr_carea' id='block_1_15' title="bbox 278 2437 1877 2954">
    <p class='ocr_par' dir='ltr' id='par_1_15' title="bbox 278 2437 1877 2954">
     <span class='ocr_line' id='line_1_26' title="bbox 370 2437 1847 2484; baseline -0.003 -9"><span class='ocrx_word' id='word_1_165' title='bbox 370 2460 372 2463; x_wconf 95' lang='grc'>-</span> <span class='ocrx_word' id='word_1_166' title='bbox 399 2437 470 2475; x_wconf 86' lang='grc' dir='ltr'>ΕΜ</span> <span class='ocrx_word' id='word_1_167' title='bbox 490 2441 573 2483; x_wconf 81' lang='lat'>460,</span> <span class='ocrx_word' id='word_1_168' title='bbox 593 2442 656 2474; x_wconf 82' lang='lat'>35:</span> <span class='ocrx_word' id='word_1_169' title='bbox 682 2440 703 2474; x_wconf 86' lang='grc' dir='ltr'>ὁ</span> <span class='ocrx_word' id='word_1_170' title='bbox 728 2439 852 2484; x_wconf 86' lang='grc' dir='ltr'>θώραξ</span> <span class='ocrx_word' id='word_1_171' title='bbox 878 2440 899 2475; x_wconf 88' lang='grc' dir='ltr'><strong>ὁ</strong></span> <span class='ocrx_word' id='word_1_172' title='bbox 926 2440 1089 2475; x_wconf 73' lang='grc' dir='ltr'>δεκτικὸς</span> <span class='ocrx_word' id='word_1_173' title='bbox 1113 2442 1183 2483; x_wconf 82' lang='grc' dir='ltr'>τῆς</span> <span class='ocrx_word' id='word_1_174' title='bbox 1204 2442 1351 2483; x_wconf 88' lang='grc' dir='ltr'>τροφῆς</span> <span class='ocrx_word' id='word_1_175' title='bbox 1374 2437 1507 2475; x_wconf 86' lang='grc' dir='ltr'>τόπος·</span> <span class='ocrx_word' id='word_1_176' title='bbox 1546 2438 1614 2482; x_wconf 85' lang='grc' dir='ltr'>ἀφ’</span> <span class='ocrx_word' id='word_1_177' title='bbox 1640 2437 1684 2473; x_wconf 86' lang='grc' dir='ltr'>οὗ</span> <span class='ocrx_word' id='word_1_178' title='bbox 1717 2438 1776 2472; x_wconf 83' lang='grc' dir='ltr'>καὶ</span> <span class='ocrx_word' id='word_1_179' title='bbox 1802 2437 1847 2472; x_wconf 82' lang='grc' dir='ltr'>τὸ</span> 
     </span>
     <span class='ocr_line' id='line_1_27' title="bbox 278 2485 1846 2534; baseline -0.002 -12"><span class='ocrx_word' id='word_1_180' title='bbox 278 2486 519 2531; x_wconf 84' lang='grc' dir='ltr'>ἐμπίπλαςθαι</span> <span class='ocrx_word' id='word_1_181' title='bbox 549 2487 655 2522; x_wconf 74' lang='grc' dir='ltr'>οἴνου</span> <span class='ocrx_word' id='word_1_182' title='bbox 685 2487 916 2531; x_wconf 79' lang='grc' dir='ltr'>θωράξαςθαι</span> <span class='ocrx_word' id='word_1_183' title='bbox 940 2488 1185 2534; x_wconf 87' lang='grc' dir='ltr'>(θωράςαςθαι</span> <span class='ocrx_word' id='word_1_184' title='bbox 1211 2485 1322 2532; x_wconf 78' lang='lat' dir='ltr'><strong>codd)</strong></span> <span class='ocrx_word' id='word_1_185' title='bbox 1354 2487 1516 2529; x_wconf 84' lang='grc' dir='ltr'>λέγεται,</span> <span class='ocrx_word' id='word_1_186' title='bbox 1555 2486 1606 2521; x_wconf 83' lang='grc' dir='ltr'>ὡ(</span> <span class='ocrx_word' id='word_1_187' title='bbox 1629 2485 1730 2529; x_wconf 85' lang='grc' dir='ltr'>παρὰ</span> <span class='ocrx_word' id='word_1_188' title='bbox 1756 2485 1846 2528; x_wconf 81' lang='grc' dir='ltr'>Ἀρι-</span> 
     </span>
     <span class='ocr_line' id='line_1_28' title="bbox 279 2531 1846 2580; baseline -0.003 -10"><span class='ocrx_word' id='word_1_189' title='bbox 279 2535 455 2579; x_wconf 85' lang='grc' dir='ltr'>ςτοφάνει</span> <span class='ocrx_word' id='word_1_190' title='bbox 478 2533 575 2579; x_wconf 82' lang='lat' dir='ltr'><strong>(Ach</strong></span> <span class='ocrx_word' id='word_1_191' title='bbox 601 2535 727 2580; x_wconf 82' lang='lat'>1135)·</span> <span class='ocrx_word' id='word_1_192' title='bbox 764 2537 824 2570; x_wconf 83' lang='grc' dir='ltr'>καί</span> <span class='ocrx_word' id='word_1_193' title='bbox 860 2534 1048 2579; x_wconf 86' lang='grc' dir='ltr'>Πίνδαρος</span> <span class='ocrx_word' id='word_1_194' title='bbox 1080 2535 1315 2578; x_wconf 82' lang='grc' dir='ltr'>διθυράμβων</span> <span class='ocrx_word' id='word_1_195' title='bbox 1351 2535 1516 2578; x_wconf 64' lang='grc' dir='ltr'>πρώταν·</span> <span class='ocrx_word' id='word_1_196' title='bbox 1554 2533 1701 2577; x_wconf 83' lang='grc' dir='ltr'>ἀλόχῳ</span> <span class='ocrx_word' id='word_1_197' title='bbox 1736 2531 1846 2566; x_wconf 83' lang='grc' dir='ltr'>ποτὲ</span> 
     </span>
     <span class='ocr_line' id='line_1_29' title="bbox 279 2577 1845 2627; baseline -0.004 -9"><span class='ocrx_word' id='word_1_198' title='bbox 279 2583 531 2626; x_wconf 77' lang='grc' dir='ltr'>θωρηχθεὶς</span> <span class='ocrx_word' id='word_1_199' title='bbox 567 2581 707 2627; x_wconf 87' lang='grc' dir='ltr'>(ἀλόγω</span> <span class='ocrx_word' id='word_1_200' title='bbox 743 2593 836 2617; x_wconf 88' lang='grc' dir='ltr'>ποτε</span> <span class='ocrx_word' id='word_1_201' title='bbox 873 2584 1097 2627; x_wconf 82' lang='grc' dir='ltr'>θεωραχθεὶς</span> <span class='ocrx_word' id='word_1_202' title='bbox 1131 2581 1237 2626; x_wconf 87' lang='lat' dir='ltr'>Sorb)</span> <span class='ocrx_word' id='word_1_203' title='bbox 1275 2582 1343 2617; x_wconf 81' lang='grc' dir='ltr'>ἐπ’</span> <span class='ocrx_word' id='word_1_204' title='bbox 1380 2579 1603 2624; x_wconf 81' lang='grc' dir='ltr'>ἀλλοτρίᾳ,</span> <span class='ocrx_word' id='word_1_205' title='bbox 1654 2578 1763 2613; x_wconf 83' lang='lat' dir='ltr'>Oram</span> <span class='ocrx_word' id='word_1_206' title='bbox 1788 2577 1845 2612; x_wconf 86' lang='lat' dir='ltr'>An</span> 
     </span>
     <span class='ocr_line' id='line_1_30' title="bbox 278 2624 1846 2674; baseline -0.004 -10"><span class='ocrx_word' id='word_1_207' title='bbox 278 2628 355 2664; x_wconf 82' lang='lat' dir='ltr'>Par</span> <span class='ocrx_word' id='word_1_208' title='bbox 379 2628 431 2663; x_wconf 86' lang='lat' dir='ltr'>IV</span> <span class='ocrx_word' id='word_1_209' title='bbox 452 2631 531 2672; x_wconf 83' lang='lat'>194,</span> <span class='ocrx_word' id='word_1_210' title='bbox 552 2631 590 2664; x_wconf 76' lang='lat'>7:</span> <span class='ocrx_word' id='word_1_211' title='bbox 619 2629 763 2673; x_wconf 84' lang='grc' dir='ltr'>Ὠρίων,</span> <span class='ocrx_word' id='word_1_212' title='bbox 790 2630 866 2665; x_wconf 71' lang='grc' dir='ltr'>ἐπεὶ</span> <span class='ocrx_word' id='word_1_213' title='bbox 892 2632 951 2665; x_wconf 78' lang='grc' dir='ltr'>καὶ</span> <span class='ocrx_word' id='word_1_214' title='bbox 979 2629 1138 2674; x_wconf 86' lang='grc' dir='ltr'>Ὀαρίων</span> <span class='ocrx_word' id='word_1_215' title='bbox 1162 2630 1202 2663; x_wconf 84' lang='grc' dir='ltr'>ἐν</span> <span class='ocrx_word' id='word_1_216' title='bbox 1228 2630 1379 2671; x_wconf 86' lang='grc' dir='ltr'>ςυςτολῆ</span> <span class='ocrx_word' id='word_1_217' title='bbox 1407 2631 1487 2669; x_wconf 83' lang='grc' dir='ltr'>(τοῦ</span> <span class='ocrx_word' id='word_1_218' title='bbox 1507 2631 1522 2663; x_wconf 90' lang='grc' dir='ltr'>ῑ</span> <span class='ocrx_word' id='word_1_219' title='bbox 1539 2626 1608 2661; x_wconf 76' lang='lat' dir='ltr'><strong>scil</strong></span> <span class='ocrx_word' id='word_1_220' title='bbox 1627 2625 1676 2660; x_wconf 81' lang='lat' dir='ltr'>cll</span> <span class='ocrx_word' id='word_1_221' title='bbox 1694 2624 1846 2660; x_wconf 81' lang='lat' dir='ltr'><strong>Herodn</strong></span> 
     </span>
     <span class='ocr_line' id='line_1_31' title="bbox 278 2672 1846 2722; baseline -0.003 -12"><span class='ocrx_word' id='word_1_222' title='bbox 278 2677 296 2711; x_wconf 93' lang='lat' dir='ltr'>I</span> <span class='ocrx_word' id='word_1_223' title='bbox 315 2679 373 2719; x_wconf 81' lang='lat'>20,</span> <span class='ocrx_word' id='word_1_224' title='bbox 388 2679 419 2710; x_wconf 83' lang='grc'>’1.</span> <span class='ocrx_word' id='word_1_225' title='bbox 446 2675 480 2710; x_wconf 92' lang='grc' dir='ltr'>Π</span> <span class='ocrx_word' id='word_1_226' title='bbox 500 2678 580 2720; x_wconf 81' lang='grc'>723,</span> <span class='ocrx_word' id='word_1_227' title='bbox 595 2679 639 2711; x_wconf 84' lang='lat'>25</span> <span class='ocrx_word' id='word_1_228' title='bbox 654 2676 694 2721; x_wconf 86' lang='lat' dir='ltr'>L,</span> <span class='ocrx_word' id='word_1_229' title='bbox 721 2675 889 2712; x_wconf 81' lang='lat' dir='ltr'>choerob</span> <span class='ocrx_word' id='word_1_230' title='bbox 909 2677 944 2712; x_wconf 92' lang='grc' dir='ltr'>ΙΙ</span> <span class='ocrx_word' id='word_1_231' title='bbox 962 2680 1042 2721; x_wconf 83' lang='grc'>397,</span> <span class='ocrx_word' id='word_1_232' title='bbox 1063 2679 1107 2711; x_wconf 82' lang='grc'>21</span> <span class='ocrx_word' id='word_1_233' title='bbox 1122 2675 1212 2722; x_wconf 86' lang='lat' dir='ltr'>ng)</span> <span class='ocrx_word' id='word_1_234' title='bbox 1238 2677 1296 2710; x_wconf 86' lang='grc' dir='ltr'>καὶ</span> <span class='ocrx_word' id='word_1_235' title='bbox 1314 2675 1502 2716; x_wconf 81' lang='grc' dir='ltr'>Πίνδαρος</span> <span class='ocrx_word' id='word_1_236' title='bbox 1527 2674 1601 2718; x_wconf 82' lang='grc' dir='ltr'>(καὶ</span> <span class='ocrx_word' id='word_1_237' title='bbox 1619 2672 1846 2716; x_wconf 77' lang='grc' dir='ltr'>Εὐριπίδης)·</span> 
     </span>
     <span class='ocr_line' id='line_1_32' title="bbox 280 2717 1848 2769; baseline -0.005 -10"><span class='ocrx_word' id='word_1_238' title='bbox 280 2725 376 2759; x_wconf 80' lang='grc' dir='ltr'>ἀλλ’</span> <span class='ocrx_word' id='word_1_239' title='bbox 414 2725 493 2766; x_wconf 83' lang='grc' dir='ltr'>οὐχ</span> <span class='ocrx_word' id='word_1_240' title='bbox 531 2724 553 2759; x_wconf 80' lang='grc' dir='ltr'>ὅ</span> <span class='ocrx_word' id='word_1_241' title='bbox 589 2735 698 2759; x_wconf 87' lang='grc' dir='ltr'>ποτε</span> <span class='ocrx_word' id='word_1_242' title='bbox 736 2726 986 2769; x_wconf 82' lang='grc' dir='ltr'>θωραχθείς</span> <span class='ocrx_word' id='word_1_243' title='bbox 1021 2724 1146 2766; x_wconf 77' lang='grc' dir='ltr'>’ἔπεχ’</span> <span class='ocrx_word' id='word_1_244' title='bbox 1184 2721 1399 2766; x_wconf 83' lang='grc' dir='ltr'>ἀλλοτρίᾳ</span> <span class='ocrx_word' id='word_1_245' title='bbox 1439 2720 1629 2763; x_wconf 85' lang='grc' dir='ltr'>Ὠαρίων</span> <span class='ocrx_word' id='word_1_246' title='bbox 1666 2719 1747 2763; x_wconf 82' lang='lat' dir='ltr'>(seq</span> <span class='ocrx_word' id='word_1_247' title='bbox 1771 2717 1848 2752; x_wconf 83' lang='lat' dir='ltr'>Eur</span> 
     </span>
     <span class='ocr_line' id='line_1_33' title="bbox 281 2766 1847 2819; baseline -0.004 -14"><span class='ocrx_word' id='word_1_248' title='bbox 281 2770 371 2817; x_wconf 78' lang='lat' dir='ltr'><strong>Cycl</strong></span> <span class='ocrx_word' id='word_1_249' title='bbox 397 2771 501 2817; x_wconf 81' lang='lat'>213);</span> <span class='ocrx_word' id='word_1_250' title='bbox 526 2771 674 2807; x_wconf 79' lang='lat' dir='ltr'>eadem:</span> <span class='ocrx_word' id='word_1_251' title='bbox 715 2771 873 2815; x_wconf 86' lang='grc' dir='ltr'>Ὀαρίων</span> <span class='ocrx_word' id='word_1_252' title='bbox 898 2771 1021 2817; x_wconf 77' lang='lat' dir='ltr'>priore</span> <span class='ocrx_word' id='word_1_253' title='bbox 1047 2770 1144 2812; x_wconf 81' lang='lat'>1000,</span> <span class='ocrx_word' id='word_1_254' title='bbox 1177 2771 1258 2804; x_wconf 76' lang='lat' dir='ltr'>tum</span> <span class='ocrx_word' id='word_1_255' title='bbox 1283 2768 1455 2813; x_wconf 85' lang='grc' dir='ltr'>ἀλ(λ)όχῳ</span> <span class='ocrx_word' id='word_1_256' title='bbox 1480 2767 1571 2802; x_wconf 82' lang='grc' dir='ltr'>ποτὲ</span> <span class='ocrx_word' id='word_1_257' title='bbox 1595 2766 1847 2819; x_wconf 32' lang='grc' dir='ltr'>θ’(ε)ωραχθείς</span> 
     </span>
     <span class='ocr_line' id='line_1_34' title="bbox 279 2811 1847 2864; baseline -0.005 -10"><span class='ocrx_word' id='word_1_258' title='bbox 279 2819 380 2862; x_wconf 83' lang='grc' dir='ltr'>ἔπεχ’</span> <span class='ocrx_word' id='word_1_259' title='bbox 404 2818 579 2864; x_wconf 81' lang='grc' dir='ltr'>ἀλλοτρίᾳ</span> <span class='ocrx_word' id='word_1_260' title='bbox 616 2819 740 2864; x_wconf 72' lang='lat' dir='ltr'>spatio</span> <span class='ocrx_word' id='word_1_261' title='bbox 772 2818 937 2863; x_wconf 78' lang='lat' dir='ltr'><strong>quinque</strong></span> <span class='ocrx_word' id='word_1_262' title='bbox 967 2818 1034 2853; x_wconf 65' lang='lat' dir='ltr'>litt</span> <span class='ocrx_word' id='word_1_263' title='bbox 1063 2816 1226 2852; x_wconf 73' lang='lat' dir='ltr'><strong>admisso</strong></span> <span class='ocrx_word' id='word_1_264' title='bbox 1258 2815 1298 2849; x_wconf 71' lang='lat' dir='ltr'>et</span> <span class='ocrx_word' id='word_1_265' title='bbox 1330 2825 1436 2849; x_wconf 83' lang='lat' dir='ltr'>versu</span> <span class='ocrx_word' id='word_1_266' title='bbox 1460 2813 1536 2848; x_wconf 83' lang='lat' dir='ltr'>Eur</span> <span class='ocrx_word' id='word_1_267' title='bbox 1561 2813 1708 2848; x_wconf 69' lang='lat' dir='ltr'><strong>admoto</strong></span> <span class='ocrx_word' id='word_1_268' title='bbox 1734 2811 1847 2856; x_wconf 76' lang='lat' dir='ltr'><strong>Etym</strong></span> 
     </span>
     <span class='ocr_line' id='line_1_35' title="bbox 279 2858 1877 2912; baseline -0.006 -10"><span class='ocrx_word' id='word_1_269' title='bbox 279 2865 439 2912; x_wconf 84' lang='lat' dir='ltr'><strong>Angelic</strong></span> <span class='ocrx_word' id='word_1_270' title='bbox 457 2865 618 2911; x_wconf 68' lang='lat' dir='ltr'>(Bitschl</span> <span class='ocrx_word' id='word_1_271' title='bbox 637 2877 711 2912; x_wconf 86' lang='lat' dir='ltr'>opp</span> <span class='ocrx_word' id='word_1_272' title='bbox 724 2866 740 2900; x_wconf 85' lang='lat'>1</span> <span class='ocrx_word' id='word_1_273' title='bbox 754 2868 855 2911; x_wconf 83' lang='grc'>690);</span> <span class='ocrx_word' id='word_1_274' title='bbox 883 2865 1037 2901; x_wconf 79' lang='lat' dir='ltr'><strong>Pindari</strong></span> <span class='ocrx_word' id='word_1_275' title='bbox 1056 2863 1218 2908; x_wconf 76' lang='lat' dir='ltr'><strong>denique</strong></span> <span class='ocrx_word' id='word_1_276' title='bbox 1237 2861 1350 2897; x_wconf 68' lang='lat' dir='ltr'><strong>verba,</strong></span> <span class='ocrx_word' id='word_1_277' title='bbox 1368 2861 1505 2896; x_wconf 75' lang='lat' dir='ltr'>omisso</span> <span class='ocrx_word' id='word_1_278' title='bbox 1524 2858 1671 2910; x_wconf 47' lang='lat' dir='ltr'>Orioniss</span> <span class='ocrx_word' id='word_1_279' title='bbox 1696 2859 1846 2901; x_wconf 77' lang='lat' dir='ltr'>nomine</span> <span class='ocrx_word' id='word_1_280' title='bbox 1872 2883 1877 2887; x_wconf 73' lang='lat'><strong>.</strong></span> 
     </span>
     <span class='ocr_line' id='line_1_36' title="bbox 280 2906 1847 2954; baseline -0.005 -5"><span class='ocrx_word' id='word_1_281' title='bbox 280 2913 373 2949; x_wconf 71' lang='lat' dir='ltr'>satis</span> <span class='ocrx_word' id='word_1_282' title='bbox 410 2913 572 2951; x_wconf 75' lang='lat' dir='ltr'>fideliter</span> <span class='ocrx_word' id='word_1_283' title='bbox 609 2913 769 2949; x_wconf 72' lang='lat' dir='ltr'><strong>servavit</strong></span> <span class='ocrx_word' id='word_1_284' title='bbox 799 2912 974 2949; x_wconf 76' lang='lat' dir='ltr'>Meletius</span> <span class='ocrx_word' id='word_1_285' title='bbox 1012 2912 1058 2947; x_wconf 79' lang='lat' dir='ltr'>de</span> <span class='ocrx_word' id='word_1_286' title='bbox 1095 2911 1162 2946; x_wconf 73' lang='lat' dir='ltr'>nat</span> <span class='ocrx_word' id='word_1_287' title='bbox 1198 2909 1287 2945; x_wconf 87' lang='lat' dir='ltr'>hom</span> <span class='ocrx_word' id='word_1_288' title='bbox 1323 2909 1445 2954; x_wconf 80' lang='lat' dir='ltr'>(Cram</span> <span class='ocrx_word' id='word_1_289' title='bbox 1478 2908 1534 2942; x_wconf 88' lang='lat' dir='ltr'>An</span> <span class='ocrx_word' id='word_1_290' title='bbox 1561 2907 1616 2943; x_wconf 84' lang='lat' dir='ltr'>Ox</span> <span class='ocrx_word' id='word_1_291' title='bbox 1641 2906 1690 2941; x_wconf 84' lang='lat' dir='ltr'><strong>m</strong></span> <span class='ocrx_word' id='word_1_292' title='bbox 1711 2910 1768 2952; x_wconf 83' lang='grc'>89,</span> <span class='ocrx_word' id='word_1_293' title='bbox 1789 2910 1847 2949; x_wconf 74' lang='lat'>29,</span> 
     </span>
    </p>
   </div>
  </div>
 </body>
</html>
