2014 3360
828 199 1048 236 OLYMPIA
1071 199 1124 236 VI
1678 200 1762 244 121

285 311 402 355 νυκτὶ
433 313 537 356 θοᾶε
568 311 615 355 ἐκ
646 310 750 355 ναὸε
781 309 1067 365 ἀπεεκίμφθαι
1098 309 1170 354 δύ’
1202 310 1392 365 ἄγκυραι.
1445 311 1545 356 θἐόε

285 387 373 428 τῶν
403 397 451 428 τε
481 383 638 428 κείνων
667 397 716 428 τε
747 382 905 427 κλυτὰν
936 382 1060 427 αἷεαν
1090 383 1273 436 παρέχοι
1298 383 1477 437 φιλέων.
1697 392 1765 426 175

286 457 473 500 δὲεποτα
504 456 798 509 ποντομέδων,
829 455 960 500 εὐθὺν
992 454 1040 499 δὲ
1072 455 1214 499 πλόον
1245 455 1448 509 καμάτων

287 529 409 573 ἐκτὸς
440 527 571 573 ἐόντα
602 527 724 581 δίδοι,
756 524 1094 581 χρυεαλακάτοιο
1125 527 1246 570 πόει(

193 612 262 645 105
288 599 571 655 Ἀμφιτρίτας,
602 599 719 653 ἐμῶν
750 598 788 643 δ’
820 599 966 652 ὕμνων
999 597 1091 644 ἄεξ’
1121 598 1325 652 εὐτερπὲς
1356 597 1501 644 ἄνθος.
1699 608 1767 642 180

190 753 338 793 λιπόντ’
368 755 447 792 vett
478 755 516 790 et
545 754 729 801 paraphr,
765 754 934 790 λείποντ’
957 754 1052 800 Byz,
1090 753 1192 800 quod
1222 752 1335 800 vulgo
1366 752 1503 797 eduum
1540 751 1770 799 metropolin

192 805 320 841 autem
345 803 531 840 Arcadiae
556 801 820 850 Stymphalum
843 803 959 848 poeta.
981 801 1069 839 ideo
1094 801 1207 847 dixit,
1233 801 1335 848 quod
1360 801 1414 840 sic
1439 800 1576 846 voluit3
1607 800 1649 837 cf
1669 812 1691 836 v
1710 803 1766 837 84.

193 852 347 889 Temere
386 851 504 899 igitur
541 852 674 897 ματέρ’
711 851 874 895 εὔμηλον
904 861 946 887 τε
976 849 1145 887 λείποντ’
1170 851 1373 894 Ἀρκαδίαν.
1399 849 1593 897 Hartung,
1631 850 1771 893 ματρὸς

192 901 368 945 εὐμάλοιὸ
398 901 440 936 τ’
478 899 620 946 (εὐμάλ.
659 910 680 935 c
710 898 872 946 Heynio)
908 898 1049 936 αἰπέων
1079 897 1314 945 (montium?)
1347 897 1563 942 Ἀρκαδίαεῗ
1595 896 1722 944 Bergk

191 948 370 986 πέλονταί
393 949 436 992 γ’
460 948 501 984 ἐν
526 948 580 992 Α,
610 947 786 984 πέλονταί
810 948 850 982 τ’
875 948 915 983 ἐν
943 946 981 992 Ο,
1012 948 1187 983 πέλονται
1213 957 1273 982 om
1298 947 1339 982 ἐν
1364 945 1406 982 Ε
1511 944 1585 981 101
1614 946 1769 989 ἀπεεκῆ-

193 999 288 1041 φθαι
307 996 355 1040 Α,
381 1006 472 1040 (xm,
498 1007 581 1040 εκι-,
604 1006 679 1032 (κε-
705 995 745 1031 in
765 994 818 1030 all
835 994 983 1040 Ambrr,
1001 994 1255 1039 -ἀπεεκίμφθαι
1273 993 1307 1030 Ο
1322 995 1361 1030 et
1378 992 1472 1030 Vatt
1553 992 1630 1029 102
1654 993 1770 1030 τῶνδ’

192 1046 303 1091 (τῶν,
330 1045 363 1080 δ’
388 1044 440 1090 Α)
470 1043 624 1080 ἐκείνων
650 1043 748 1079 codd
772 1044 922 1090 praeter
951 1054 1070 1079 unum
1100 1053 1121 1079 e
1145 1041 1352 1088 Moschopp
1383 1043 1419 1088 (o
1439 1059 1485 1072 =
1505 1040 1621 1078 Guelf
1629 1041 1672 1088 ¹),
1701 1040 1771 1086 qui

195 1093 284 1128 ante
319 1090 587 1127 correctionem
621 1091 765 1127 factam
798 1095 878 1128 τῶν
907 1092 949 1127 τ’
974 1092 1043 1138 ἑκ.,
1075 1090 1177 1136 quod
1207 1090 1258 1126 fla.
1289 1089 1396 1127 ’tavit
1432 1089 1582 1136 Heyne,
1608 1093 1698 1125 “τῶν
1727 1100 1771 1125 τε

195 1140 327 1177 κείνων
360 1149 471 1185 recep
508 1138 695 1184 Boeckh¹‚
732 1149 807 1176 non
843 1139 937 1175 item
967 1138 1139 1176 Boeckh'
1175 1139 1261 1186 (exp
1324 1139 1415 1185 163).
1484 1137 1580 1173 Mihi
1617 1136 1771 1182 quidem

194 1199 236 1225 τε
251 1198 350 1224 -τε
374 1187 626 1223 necessarium
651 1187 815 1231 videtum
850 1198 939 1224 nam
964 1187 1143 1233 quoniam
1169 1187 1262 1223 duas
1288 1197 1369 1222 esee
1398 1185 1543 1233 patrias
1576 1196 1661 1221 eum
1686 1195 1771 1232 gra-

194 1235 313 1272 vitate
342 1234 578 1290 praedicavit
614 1247 658 1270 vv
690 1239 886 1281 99—101,
922 1236 1058 1272 misere
1093 1235 1218 1272 subito
1256 1234 1469 1272 concideret
1505 1235 1619 1280 poeta.
1658 1232 1771 1269 ‘hanc

196 1283 393 1329 illamque‘
423 1282 567 1319 dicens:
594 1282 709 1319 immo
737 1283 791 1319 ‘et
814 1283 914 1319 hanc
935 1285 978 1320 et
1002 1283 1137 1329 illam’,
1170 1285 1209 1320 et
1233 1282 1489 1330 Stymphalios
1514 1282 1709 1328 (99-100)
1734 1281 1773 1317 et

198 1331 452 1378 Syracusanos
477 1331 536 1377 (92
557 1332 624 1378 ss)!
650 1330 806 1367 Tirones
830 1325 1050 1384 fflth'scant
1073 1338 1185 1379 posse
1210 1331 1326 1368 etiam
1351 1330 1514 1378 simplici
1531 1342 1573 1366 τε
1594 1328 1773 1376 coniungi

197 1391 255 1416 res
281 1377 474 1425 oppositas
493 1377 722 1424 perlustrent
739 1378 841 1415 locos
861 1390 885 1415 a
898 1376 1076 1426 Tyohone
1088 1379 1298 1416 Mommsen
1316 1380 1513 1427 congestos
1533 1378 1582 1414 ad
1602 1377 1632 1414 Ο
1651 1376 1737 1413 XIV
1750 1380 1772 1412 5

197 1426 308 1474 suppl
329 1429 415 1471 193'3
443 1427 607 1461 ceterum
632 1426 674 1462 cf
693 1426 734 1462 in
754 1426 856 1467 *codd
882 1427 1055 1464 omnibus
1078 1429 1169 1465 τάδε
1194 1438 1263 1475 pro
1287 1429 1335 1464 τά
1352 1439 1395 1464 τε
1420 1426 1602 1474 scriptum
1625 1425 1643 1461 Ι
1661 1424 1696 1460 V
1714 1428 1772 1469 52,

194 1477 237 1512 in
256 1476 293 1512 A
316 1476 438 1511 τῶνδε
455 1477 620 1520 Ρτοιτῶν
638 1486 680 1510 τε
701 1473 731 1510 Ο
749 1473 784 1510 Π
803 1478 866 1519 53;
892 1475 967 1521 prll
985 1488 1011 1522 p
1033 1479 1078 1512 10
1142 1477 1295 1522 παρέχει
1315 1475 1490 1513 ΟἰΘΝῑῑῙ
1584 1473 1661 1510 103
1684 1485 1774 1510 πον-

196 1523 391 1568 τομέδωνῖ
416 1520 569 1558 Boeokh
593 1532 618 1557 n
644 1532 683 1557 cr
708 1525 789 1567 381,
815 1532 925 1569 recep
951 1523 1152 1569 Boehmer;
1178 1524 1226 1560 de
1251 1534 1340 1560 casu
1364 1523 1404 1560 cf
1425 1524 1592 1567 ἀγυιᾶτις
1615 1521 1646 1557 Ρ
1663 1520 1714 1557 XI
1735 1524 1773 1567 13

199 1573 247 1608 de
275 1574 334 1608 ῶν
364 1568 630 1607 terminatione
660 1569 824 1616 repetita
853 1570 974 1607 Hane
1004 1571 1092 1609 verb
1117 1571 1147 1607 P
1173 1571 1305 1608 conloc
1329 1576 1393 1616 213
1432 1571 1478 1607 de
1508 1580 1685 1607 mensura
1710 1576 1772 1613 ους

198 1619 274 1667 prll
291 1617 344 1656 Π8
403 1619 535 1655 εὔθυνε
553 1618 686 1654 πλόον·
706 1619 883 1662 καμάτων
902 1620 942 1655 δ’»
960 1620 1068 1656 ἐκτὸς
1081 1620 1143 1657 ΑΜ
1207 1618 1285 1656 104
1305 1620 1410 1657 δίδου
1429 1630 1513 1656 recc
1576 1617 1653 1655 105
1673 1619 1774 1662 ἐμῶν

199 1671 328 1711 ὕμνων
353 1666 432 1703 δέξ’
456 1666 510 1710 Α,
545 1666 646 1709 ἐμῶν
671 1666 705 1702 δ’
729 1667 858 1710 ὕμνων
885 1667 964 1703 δέξ’
989 1667 1147 1703 MNom
1183 1667 1299 1712 (unde
1330 1669 1431 1713 ἐμῶν
1461 1669 1590 1712 ὕμνων
1622 1667 1663 1703 δὲ
1694 1665 1775 1703 δέξ’

200 1715 357 1801 Ξῧςξῖἰ
385 1713 455 1751 GV
476 1714 515 1750 et
537 1712 705 1760 paraphr
728 1712 875 1750 faciunt
900 1725 920 1750 c
944 1713 1021 1750 lect
1045 1714 1135 1762 vulg
1165 1715 1286 1762 (Vatt)
1335 1716 1489 1761 εὐερπὲε
1512 1715 1565 1761 D,
1597 1714 1776 1760 εὐπρεπὲς
