<?xml version="1.0" encoding="UTF-8"?>
<!DOCTYPE html PUBLIC "-//W3C//DTD XHTML 1.0 Transitional//EN"
    "http://www.w3.org/TR/xhtml1/DTD/xhtml1-transitional.dtd">
<html xmlns="http://www.w3.org/1999/xhtml" xml:lang="en" lang="en">
 <head>
  <title>
</title>
<meta http-equiv="Content-Type" content="text/html;charset=utf-8" />
  <meta name='ocr-system' content='tesseract 3.04.00' />
  <meta name='ocr-capabilities' content='ocr_page ocr_carea ocr_par ocr_line ocrx_word'/>
</head>
<body>
  <div class='ocr_page' id='page_1' title='image "./pt1poetaelyricig01berguoft_0056.png"; bbox 0 0 2014 3360; ppageno 0'>
   <div class='ocr_carea' id='block_1_1' title="bbox 266 200 1174 243">
    <p class='ocr_par' dir='ltr' id='par_1_1' title="bbox 266 200 1174 243">
     <span class='ocr_line' id='line_1_1' title="bbox 266 200 1174 243; baseline -0.007 0"><span class='ocrx_word' id='word_1_1' title='bbox 266 200 325 243; x_wconf 90' lang='lat'><strong>48</strong></span> <span class='ocrx_word' id='word_1_2' title='bbox 927 200 1174 238; x_wconf 76' lang='lat' dir='ltr'>PINDARVS</span> 
     </span>
    </p>
   </div>
   <div class='ocr_carea' id='block_1_2' title="bbox 53 307 1840 2522">
    <p class='ocr_par' dir='ltr' id='par_1_2' title="bbox 263 307 1837 432">
     <span class='ocr_line' id='line_1_2' title="bbox 263 307 1835 367; baseline 0.002 -16"><span class='ocrx_word' id='word_1_3' title='bbox 263 313 435 363; x_wconf 82' lang='lat' dir='ltr'><strong>piorum,</strong></span> <span class='ocrx_word' id='word_1_4' title='bbox 462 312 637 364; x_wconf 87' lang='lat' dir='ltr'><strong>primum</strong></span> <span class='ocrx_word' id='word_1_5' title='bbox 666 312 810 362; x_wconf 87' lang='lat' dir='ltr'><strong>lunari,</strong></span> <span class='ocrx_word' id='word_1_6' title='bbox 841 311 982 352; x_wconf 86' lang='lat' dir='ltr'><strong>deinde</strong></span> <span class='ocrx_word' id='word_1_7' title='bbox 1012 307 1057 367; x_wconf 85' lang='lat' dir='ltr'><strong>(a</strong></span> <span class='ocrx_word' id='word_1_8' title='bbox 1072 311 1313 362; x_wconf 75' lang='lat' dir='ltr'><strong>Gomarcho,</strong></span> <span class='ocrx_word' id='word_1_9' title='bbox 1342 315 1390 352; x_wconf 87' lang='lat' dir='ltr'><strong>ut</strong></span> <span class='ocrx_word' id='word_1_10' title='bbox 1418 313 1520 352; x_wconf 83' lang='lat' dir='ltr'>nihil</span> <span class='ocrx_word' id='word_1_11' title='bbox 1549 312 1757 354; x_wconf 86' lang='lat' dir='ltr'><strong>decernam</strong></span> <span class='ocrx_word' id='word_1_12' title='bbox 1785 313 1835 354; x_wconf 88' lang='lat' dir='ltr'><strong>de</strong></span> 
     </span>
     <span class='ocr_line' id='line_1_3' title="bbox 265 372 1837 432; baseline 0.001 -14"><span class='ocrx_word' id='word_1_13' title='bbox 265 390 338 428; x_wconf 79' lang='lat' dir='ltr'><strong>eo,</strong></span> <span class='ocrx_word' id='word_1_14' title='bbox 367 379 436 429; x_wconf 87' lang='lat' dir='ltr'><strong>qui</strong></span> <span class='ocrx_word' id='word_1_15' title='bbox 466 377 613 421; x_wconf 82' lang='lat' dir='ltr'><strong>Mesori</strong></span> <span class='ocrx_word' id='word_1_16' title='bbox 648 378 690 417; x_wconf 89' lang='lat' dir='ltr'><strong>et</strong></span> <span class='ocrx_word' id='word_1_17' title='bbox 719 376 852 417; x_wconf 82' lang='lat' dir='ltr'><strong>Thoth</strong></span> <span class='ocrx_word' id='word_1_18' title='bbox 889 390 1043 418; x_wconf 89' lang='lat' dir='ltr'><strong>menses</strong></span> <span class='ocrx_word' id='word_1_19' title='bbox 1074 372 1232 432; x_wconf 84' lang='lat' dir='ltr'><strong>attulit)</strong></span> <span class='ocrx_word' id='word_1_20' title='bbox 1268 377 1390 418; x_wconf 84' lang='lat' dir='ltr'><strong>solari</strong></span> <span class='ocrx_word' id='word_1_21' title='bbox 1418 379 1494 418; x_wconf 79' lang='lat' dir='ltr'><strong>aut</strong></span> <span class='ocrx_word' id='word_1_22' title='bbox 1528 378 1680 419; x_wconf 83' lang='lat' dir='ltr'><strong>siderea</strong></span> <span class='ocrx_word' id='word_1_23' title='bbox 1715 392 1837 430; x_wconf 81' lang='lat' dir='ltr'><strong>quam</strong></span> 
     </span>
    </p>

    <p class='ocr_par' dir='ltr' id='par_1_3' title="bbox 191 437 1839 1281">
     <span class='ocr_line' id='line_1_4' title="bbox 191 437 1835 498; baseline 0.001 -15"><span class='ocrx_word' id='word_1_24' title='bbox 191 440 193 442; x_wconf 74' lang='grc'><strong>’</strong></span> <span class='ocrx_word' id='word_1_25' title='bbox 264 445 419 483; x_wconf 82' lang='lat' dir='ltr'><strong>vocant.</strong></span> <span class='ocrx_word' id='word_1_26' title='bbox 480 443 569 482; x_wconf 88' lang='lat' dir='ltr'><strong>Iam</strong></span> <span class='ocrx_word' id='word_1_27' title='bbox 598 441 794 494; x_wconf 84' lang='lat' dir='ltr'><strong>siquidem</strong></span> <span class='ocrx_word' id='word_1_28' title='bbox 825 437 911 497; x_wconf 83' lang='lat' dir='ltr'><strong>(sec</strong></span> <span class='ocrx_word' id='word_1_29' title='bbox 941 442 1151 484; x_wconf 83' lang='lat' dir='ltr'><strong>Geminum</strong></span> <span class='ocrx_word' id='word_1_30' title='bbox 1180 442 1283 482; x_wconf 85' lang='lat' dir='ltr'><strong>Vm</strong></span> <span class='ocrx_word' id='word_1_31' title='bbox 1313 443 1369 483; x_wconf 81' lang='lat'><strong>33</strong></span> <span class='ocrx_word' id='word_1_32' title='bbox 1400 438 1548 498; x_wconf 84' lang='lat' dir='ltr'><strong>Manit)</strong></span> <span class='ocrx_word' id='word_1_33' title='bbox 1578 442 1680 484; x_wconf 79' lang='grc' dir='ltr'>τοὺ(</span> <span class='ocrx_word' id='word_1_34' title='bbox 1710 442 1835 495; x_wconf 80' lang='grc' dir='ltr'>ἐμβο-</span> 
     </span>
     <span class='ocr_line' id='line_1_5' title="bbox 265 504 1837 562; baseline 0 -13"><span class='ocrx_word' id='word_1_35' title='bbox 265 506 412 558; x_wconf 84' lang='grc' dir='ltr'>λίμους</span> <span class='ocrx_word' id='word_1_36' title='bbox 442 507 577 558; x_wconf 87' lang='grc' dir='ltr'>μῆνας</span> <span class='ocrx_word' id='word_1_37' title='bbox 608 504 765 549; x_wconf 83' lang='grc' dir='ltr'>ἔταξαν</span> <span class='ocrx_word' id='word_1_38' title='bbox 795 504 970 557; x_wconf 87' lang='grc' dir='ltr'>ἄγεςθαι</span> <span class='ocrx_word' id='word_1_39' title='bbox 1000 507 1048 548; x_wconf 82' lang='grc' dir='ltr'><strong>ἐν</strong></span> <span class='ocrx_word' id='word_1_40' title='bbox 1080 509 1143 561; x_wconf 85' lang='grc' dir='ltr'><strong>τῷ</strong></span> <span class='ocrx_word' id='word_1_41' title='bbox 1172 505 1301 561; x_wconf 86' lang='grc' dir='ltr'>τρίτῳ</span> <span class='ocrx_word' id='word_1_42' title='bbox 1331 504 1419 549; x_wconf 90' lang='grc' dir='ltr'>ἔτει</span> <span class='ocrx_word' id='word_1_43' title='bbox 1448 506 1518 548; x_wconf 85' lang='grc' dir='ltr'><strong>καὶ</strong></span> <span class='ocrx_word' id='word_1_44' title='bbox 1547 506 1728 562; x_wconf 85' lang='grc' dir='ltr'>πέμπτῳ</span> <span class='ocrx_word' id='word_1_45' title='bbox 1767 506 1837 550; x_wconf 82' lang='grc' dir='ltr'><strong>καὶ</strong></span> 
     </span>
     <span class='ocr_line' id='line_1_6' title="bbox 262 569 1835 627; baseline -0.001 -13"><span class='ocrx_word' id='word_1_46' title='bbox 262 570 421 627; x_wconf 83' lang='grc' dir='ltr'>ὀγδόῳ,</span> <span class='ocrx_word' id='word_1_47' title='bbox 453 571 533 614; x_wconf 86' lang='grc' dir='ltr'>δύο</span> <span class='ocrx_word' id='word_1_48' title='bbox 564 571 643 623; x_wconf 82' lang='grc' dir='ltr'><strong>μὲν</strong></span> <span class='ocrx_word' id='word_1_49' title='bbox 675 572 810 623; x_wconf 83' lang='grc' dir='ltr'>μῆνας</span> <span class='ocrx_word' id='word_1_50' title='bbox 840 572 996 622; x_wconf 86' lang='grc' dir='ltr'>μεταξὺ</span> <span class='ocrx_word' id='word_1_51' title='bbox 1027 571 1107 614; x_wconf 84' lang='grc' dir='ltr'>δύο</span> <span class='ocrx_word' id='word_1_52' title='bbox 1138 571 1250 613; x_wconf 84' lang='grc' dir='ltr'>ἐτῶν</span> <span class='ocrx_word' id='word_1_53' title='bbox 1281 569 1541 623; x_wconf 84' lang='grc' dir='ltr'>πιπτόντων,</span> <span class='ocrx_word' id='word_1_54' title='bbox 1573 571 1652 614; x_wconf 89' lang='grc' dir='ltr'><strong>ἕνα</strong></span> <span class='ocrx_word' id='word_1_55' title='bbox 1682 572 1730 613; x_wconf 79' lang='grc' dir='ltr'><strong>δὲ</strong></span> <span class='ocrx_word' id='word_1_56' title='bbox 1762 584 1835 623; x_wconf 90' lang='grc' dir='ltr'><strong>με-</strong></span> 
     </span>
     <span class='ocr_line' id='line_1_7' title="bbox 263 633 1838 694; baseline 0 -15"><span class='ocrx_word' id='word_1_57' title='bbox 263 638 366 681; x_wconf 84' lang='grc' dir='ltr'>ταξὺ</span> <span class='ocrx_word' id='word_1_58' title='bbox 407 636 505 680; x_wconf 88' lang='grc' dir='ltr'>ἑνὸς</span> <span class='ocrx_word' id='word_1_59' title='bbox 543 637 743 694; x_wconf 74' lang='grc' dir='ltr'>ἐνιαυτοῦ</span> <span class='ocrx_word' id='word_1_60' title='bbox 780 633 997 688; x_wconf 85' lang='grc' dir='ltr'>ἀγομένου</span> <span class='ocrx_word' id='word_1_61' title='bbox 1007 633 1066 694; x_wconf 85' lang='grc'><strong>*),</strong></span> <span class='ocrx_word' id='word_1_62' title='bbox 1109 638 1338 678; x_wconf 83' lang='lat' dir='ltr'><strong>intercalari</strong></span> <span class='ocrx_word' id='word_1_63' title='bbox 1374 651 1508 679; x_wconf 82' lang='lat' dir='ltr'><strong>mense</strong></span> <span class='ocrx_word' id='word_1_64' title='bbox 1543 641 1637 690; x_wconf 87' lang='lat' dir='ltr'><strong>post</strong></span> <span class='ocrx_word' id='word_1_65' title='bbox 1671 641 1838 690; x_wconf 80' lang='lat' dir='ltr'><strong>sextum,</strong></span> 
     </span>
     <span class='ocr_line' id='line_1_8' title="bbox 264 704 1838 756; baseline 0.001 -12"><span class='ocrx_word' id='word_1_66' title='bbox 264 706 311 744; x_wconf 91' lang='lat' dir='ltr'><strong>ut</strong></span> <span class='ocrx_word' id='word_1_67' title='bbox 341 705 498 756; x_wconf 86' lang='lat' dir='ltr'><strong>assolet,</strong></span> <span class='ocrx_word' id='word_1_68' title='bbox 530 706 625 744; x_wconf 87' lang='lat' dir='ltr'><strong>anni</strong></span> <span class='ocrx_word' id='word_1_69' title='bbox 654 704 832 756; x_wconf 84' lang='lat' dir='ltr'><strong>vulgaris</strong></span> <span class='ocrx_word' id='word_1_70' title='bbox 861 715 1038 744; x_wconf 88' lang='lat' dir='ltr'><strong>mensem</strong></span> <span class='ocrx_word' id='word_1_71' title='bbox 1061 705 1223 754; x_wconf 88' lang='lat' dir='ltr'><strong>inserto,</strong></span> <span class='ocrx_word' id='word_1_72' title='bbox 1253 705 1561 756; x_wconf 85' lang='lat' dir='ltr'><strong>uniuscuiusque</strong></span> <span class='ocrx_word' id='word_1_73' title='bbox 1586 704 1838 745; x_wconf 82' lang='lat' dir='ltr'><strong>octaeteridis</strong></span> 
     </span>
     <span class='ocr_line' id='line_1_9' title="bbox 263 769 1839 822; baseline 0.001 -12"><span class='ocrx_word' id='word_1_74' title='bbox 263 772 437 822; x_wconf 81' lang='lat' dir='ltr'>priorem</span> <span class='ocrx_word' id='word_1_75' title='bbox 468 769 735 821; x_wconf 74' lang='lat' dir='ltr'><strong>olympiadem</strong></span> <span class='ocrx_word' id='word_1_76' title='bbox 766 769 816 811; x_wconf 85' lang='lat' dir='ltr'><strong>ab</strong></span> <span class='ocrx_word' id='word_1_77' title='bbox 848 769 1097 810; x_wconf 74' lang='lat' dir='ltr'><strong>antecedenti</strong></span> <span class='ocrx_word' id='word_1_78' title='bbox 1126 771 1324 810; x_wconf 83' lang='lat' dir='ltr'><strong>mensium</strong></span> <span class='ocrx_word' id='word_1_79' title='bbox 1353 770 1500 821; x_wconf 77' lang='lat' dir='ltr'><strong>XLJX,</strong></span> <span class='ocrx_word' id='word_1_80' title='bbox 1534 770 1584 810; x_wconf 83' lang='lat' dir='ltr'><strong>ab</strong></span> <span class='ocrx_word' id='word_1_81' title='bbox 1613 771 1839 822; x_wconf 74' lang='lat' dir='ltr'><strong>insequenti</strong></span> 
     </span>
     <span class='ocr_line' id='line_1_10' title="bbox 263 830 1838 890; baseline 0 -15"><span class='ocrx_word' id='word_1_82' title='bbox 263 837 459 876; x_wconf 85' lang='lat' dir='ltr'><strong>mensium</strong></span> <span class='ocrx_word' id='word_1_83' title='bbox 482 835 516 875; x_wconf 90' lang='lat' dir='ltr'>L</span> <span class='ocrx_word' id='word_1_84' title='bbox 541 837 672 887; x_wconf 82' lang='lat' dir='ltr'><strong>spatio</strong></span> <span class='ocrx_word' id='word_1_85' title='bbox 702 836 825 875; x_wconf 82' lang='lat' dir='ltr'><strong>fuisse</strong></span> <span class='ocrx_word' id='word_1_86' title='bbox 855 835 1107 886; x_wconf 63' lang='lat' dir='ltr'><strong>disiunctum,</strong></span> <span class='ocrx_word' id='word_1_87' title='bbox 1138 848 1185 875; x_wconf 83' lang='lat' dir='ltr'><strong>ac</strong></span> <span class='ocrx_word' id='word_1_88' title='bbox 1213 836 1387 886; x_wconf 79' lang='lat' dir='ltr'><strong>priorem</strong></span> <span class='ocrx_word' id='word_1_89' title='bbox 1411 830 1596 890; x_wconf 85' lang='lat' dir='ltr'><strong>(eamque</strong></span> <span class='ocrx_word' id='word_1_90' title='bbox 1619 835 1838 887; x_wconf 77' lang='lat' dir='ltr'><strong>imparibus</strong></span> 
     </span>
     <span class='ocr_line' id='line_1_11' title="bbox 264 895 1838 957; baseline 0.001 -17"><span class='ocrx_word' id='word_1_91' title='bbox 264 903 438 942; x_wconf 87' lang='lat' dir='ltr'><strong>numeris</strong></span> <span class='ocrx_word' id='word_1_92' title='bbox 469 896 738 956; x_wconf 81' lang='lat' dir='ltr'><strong>numeratam)</strong></span> <span class='ocrx_word' id='word_1_93' title='bbox 768 901 812 940; x_wconf 91' lang='lat' dir='ltr'><strong>in</strong></span> <span class='ocrx_word' id='word_1_94' title='bbox 843 900 1031 952; x_wconf 84' lang='lat' dir='ltr'><strong>alterum,</strong></span> <span class='ocrx_word' id='word_1_95' title='bbox 1066 902 1326 952; x_wconf 75' lang='lat' dir='ltr'><strong>posteriorem</strong></span> <span class='ocrx_word' id='word_1_96' title='bbox 1362 895 1547 956; x_wconf 87' lang='lat' dir='ltr'><strong>(eamque</strong></span> <span class='ocrx_word' id='word_1_97' title='bbox 1576 896 1759 957; x_wconf 85' lang='lat' dir='ltr'><strong>paribus)</strong></span> <span class='ocrx_word' id='word_1_98' title='bbox 1795 902 1838 941; x_wconf 88' lang='lat' dir='ltr'><strong>in</strong></span> 
     </span>
     <span class='ocr_line' id='line_1_12' title="bbox 264 961 1838 1022; baseline 0 -15"><span class='ocrx_word' id='word_1_99' title='bbox 264 969 429 1007; x_wconf 85' lang='lat' dir='ltr'><strong>tertium</strong></span> <span class='ocrx_word' id='word_1_100' title='bbox 459 981 482 1006; x_wconf 85' lang='lat' dir='ltr'><strong>a</strong></span> <span class='ocrx_word' id='word_1_101' title='bbox 514 967 686 1007; x_wconf 86' lang='lat' dir='ltr'><strong>solstitio</strong></span> <span class='ocrx_word' id='word_1_102' title='bbox 715 966 983 1017; x_wconf 85' lang='lat' dir='ltr'><strong>plenilunium</strong></span> <span class='ocrx_word' id='word_1_103' title='bbox 1014 967 1202 1021; x_wconf 21' lang='lat' dir='ltr'><strong>,incidisse</strong></span> <span class='ocrx_word' id='word_1_104' title='bbox 1233 969 1540 1008; x_wconf 87' lang='lat' dir='ltr'><strong>consentaneum</strong></span> <span class='ocrx_word' id='word_1_105' title='bbox 1570 961 1709 1022; x_wconf 55' lang='lat' dir='ltr'><strong>essu)</strong></span> <span class='ocrx_word' id='word_1_106' title='bbox 1767 966 1838 1007; x_wconf 82' lang='lat' dir='ltr'><strong>Ul-</strong></span> 
     </span>
     <span class='ocr_line' id='line_1_13' title="bbox 264 1028 1838 1086; baseline -0.001 -13"><span class='ocrx_word' id='word_1_107' title='bbox 264 1033 364 1073; x_wconf 81' lang='lat' dir='ltr'><strong>tima</strong></span> <span class='ocrx_word' id='word_1_108' title='bbox 396 1032 604 1073; x_wconf 83' lang='lat' dir='ltr'><strong>Comarchi</strong></span> <span class='ocrx_word' id='word_1_109' title='bbox 634 1033 756 1072; x_wconf 82' lang='lat' dir='ltr'><strong>verba</strong></span> <span class='ocrx_word' id='word_1_110' title='bbox 787 1030 859 1083; x_wconf 79' lang='grc' dir='ltr'><strong>(τὰ</strong></span> <span class='ocrx_word' id='word_1_111' title='bbox 890 1031 974 1082; x_wconf 81' lang='grc' dir='ltr'><strong>μὲν</strong></span> <span class='ocrx_word' id='word_1_112' title='bbox 998 1029 1238 1082; x_wconf 72' lang='grc' dir='ltr'>ἀρχομένης</span> <span class='ocrx_word' id='word_1_113' title='bbox 1269 1032 1345 1082; x_wconf 85' lang='grc' dir='ltr'><strong>τῆς</strong></span> <span class='ocrx_word' id='word_1_114' title='bbox 1376 1030 1566 1086; x_wconf 77' lang='grc' dir='ltr'>ὀπώρας,</span> <span class='ocrx_word' id='word_1_115' title='bbox 1596 1030 1651 1073; x_wconf 86' lang='grc' dir='ltr'><strong>τὰ</strong></span> <span class='ocrx_word' id='word_1_116' title='bbox 1680 1030 1729 1072; x_wconf 79' lang='grc' dir='ltr'><strong>δὲ</strong></span> <span class='ocrx_word' id='word_1_117' title='bbox 1759 1028 1838 1072; x_wconf 74' lang='grc' dir='ltr'>ὑπ’</span> 
     </span>
     <span class='ocr_line' id='line_1_14' title="bbox 264 1093 1839 1151; baseline -0.001 -12"><span class='ocrx_word' id='word_1_118' title='bbox 264 1096 398 1139; x_wconf 83' lang='grc' dir='ltr'>αὐτὸν</span> <span class='ocrx_word' id='word_1_119' title='bbox 429 1097 507 1138; x_wconf 89' lang='grc' dir='ltr'><strong>τὸν</strong></span> <span class='ocrx_word' id='word_1_120' title='bbox 538 1093 796 1151; x_wconf 82' lang='grc' dir='ltr'>ἀρκτοῦρον)</span> <span class='ocrx_word' id='word_1_121' title='bbox 827 1110 907 1138; x_wconf 91' lang='lat' dir='ltr'><strong>non</strong></span> <span class='ocrx_word' id='word_1_122' title='bbox 938 1097 989 1137; x_wconf 84' lang='lat' dir='ltr'><strong>ad</strong></span> <span class='ocrx_word' id='word_1_123' title='bbox 1020 1098 1198 1150; x_wconf 79' lang='lat' dir='ltr'><strong>singulas</strong></span> <span class='ocrx_word' id='word_1_124' title='bbox 1228 1098 1501 1149; x_wconf 83' lang='lat' dir='ltr'><strong>octaeterides,</strong></span> <span class='ocrx_word' id='word_1_125' title='bbox 1530 1098 1600 1139; x_wconf 89' lang='lat' dir='ltr'><strong>sed</strong></span> <span class='ocrx_word' id='word_1_126' title='bbox 1630 1098 1681 1138; x_wconf 81' lang='lat' dir='ltr'><strong>ad</strong></span> <span class='ocrx_word' id='word_1_127' title='bbox 1708 1099 1839 1149; x_wconf 80' lang='lat' dir='ltr'><strong>spatia</strong></span> 
     </span>
     <span class='ocr_line' id='line_1_15' title="bbox 265 1163 1839 1216; baseline 0 -12"><span class='ocrx_word' id='word_1_128' title='bbox 265 1165 384 1216; x_wconf 81' lang='lat' dir='ltr'><strong>longe</strong></span> <span class='ocrx_word' id='word_1_129' title='bbox 425 1165 578 1204; x_wconf 85' lang='lat' dir='ltr'><strong>maiora</strong></span> <span class='ocrx_word' id='word_1_130' title='bbox 619 1164 843 1203; x_wconf 84' lang='lat' dir='ltr'><strong>referantur</strong></span> <span class='ocrx_word' id='word_1_131' title='bbox 884 1165 1096 1215; x_wconf 84' lang='lat' dir='ltr'><strong>propterea</strong></span> <span class='ocrx_word' id='word_1_132' title='bbox 1138 1166 1199 1204; x_wconf 88' lang='lat' dir='ltr'><strong>est</strong></span> <span class='ocrx_word' id='word_1_133' title='bbox 1240 1176 1416 1215; x_wconf 88' lang='lat' dir='ltr'><strong>necesse,</strong></span> <span class='ocrx_word' id='word_1_134' title='bbox 1460 1163 1566 1215; x_wconf 89' lang='lat' dir='ltr'><strong>quod</strong></span> <span class='ocrx_word' id='word_1_135' title='bbox 1607 1163 1839 1215; x_wconf 83' lang='lat' dir='ltr'><strong>pleniluniis</strong></span> 
     </span>
     <span class='ocr_line' id='line_1_16' title="bbox 265 1230 771 1281; baseline -0.002 -12"><span class='ocrx_word' id='word_1_136' title='bbox 265 1230 453 1281; x_wconf 89' lang='lat' dir='ltr'><strong>Olympia</strong></span> <span class='ocrx_word' id='word_1_137' title='bbox 484 1231 771 1281; x_wconf 79' lang='lat' dir='ltr'><strong>obtemperant.</strong></span> 
     </span>
    </p>

    <p class='ocr_par' dir='ltr' id='par_1_4' title="bbox 263 1289 1840 1600">
     <span class='ocr_line' id='line_1_17' title="bbox 385 1289 1840 1351; baseline 0.001 -16"><span class='ocrx_word' id='word_1_138' title='bbox 385 1295 535 1343; x_wconf 83' lang='lat' dir='ltr'><strong>Quarto</strong></span> <span class='ocrx_word' id='word_1_139' title='bbox 567 1296 795 1337; x_wconf 83' lang='lat' dir='ltr'><strong>testimonio</strong></span> <span class='ocrx_word' id='word_1_140' title='bbox 826 1289 956 1350; x_wconf 88' lang='lat' dir='ltr'><strong>(schol</strong></span> <span class='ocrx_word' id='word_1_141' title='bbox 985 1295 1080 1335; x_wconf 87' lang='lat' dir='ltr'><strong>Plat</strong></span> <span class='ocrx_word' id='word_1_142' title='bbox 1108 1295 1265 1336; x_wconf 87' lang='lat' dir='ltr'><strong>Phaedr</strong></span> <span class='ocrx_word' id='word_1_143' title='bbox 1297 1289 1442 1351; x_wconf 71' lang='lat'><strong>2361’),</strong></span> <span class='ocrx_word' id='word_1_144' title='bbox 1479 1295 1584 1347; x_wconf 90' lang='lat' dir='ltr'><strong>quod</strong></span> <span class='ocrx_word' id='word_1_145' title='bbox 1615 1295 1840 1336; x_wconf 71' lang='lat' dir='ltr'><strong>emendavit</strong></span> 
     </span>
     <span class='ocr_line' id='line_1_18' title="bbox 266 1356 1838 1417; baseline 0.001 -16"><span class='ocrx_word' id='word_1_146' title='bbox 266 1356 498 1417; x_wconf 64' lang='lat' dir='ltr'><strong>Unger”*)</strong></span> <span class='ocrx_word' id='word_1_147' title='bbox 536 1362 709 1401; x_wconf 82' lang='lat' dir='ltr'><strong>scribens</strong></span> <span class='ocrx_word' id='word_1_148' title='bbox 747 1359 800 1401; x_wconf 85' lang='grc' dir='ltr'><strong>τὰ</strong></span> <span class='ocrx_word' id='word_1_149' title='bbox 829 1357 1041 1410; x_wconf 74' lang='grc' dir='ltr'>Ὀλύμπια</span> <span class='ocrx_word' id='word_1_150' title='bbox 1071 1359 1142 1401; x_wconf 82' lang='grc' dir='ltr'><strong>καὶ</strong></span> <span class='ocrx_word' id='word_1_151' title='bbox 1176 1359 1297 1409; x_wconf 86' lang='grc' dir='ltr'>ἀγὼν</span> <span class='ocrx_word' id='word_1_152' title='bbox 1336 1360 1665 1411; x_wconf 87' lang='grc' dir='ltr'>πενταετηρικὸς</span> <span class='ocrx_word' id='word_1_153' title='bbox 1696 1360 1838 1403; x_wconf 88' lang='grc' dir='ltr'>Μετα-</span> 
     </span>
     <span class='ocr_line' id='line_1_19' title="bbox 265 1421 1838 1482; baseline 0 -15"><span class='ocrx_word' id='word_1_154' title='bbox 265 1427 511 1476; x_wconf 89' lang='grc' dir='ltr'>γειτνιῶνος</span> <span class='ocrx_word' id='word_1_155' title='bbox 544 1422 864 1482; x_wconf 86' lang='grc' dir='ltr'>(Μουνιχιῶνος</span> <span class='ocrx_word' id='word_1_156' title='bbox 894 1421 1035 1481; x_wconf 84' lang='lat' dir='ltr'><strong>vulgo)</strong></span> <span class='ocrx_word' id='word_1_157' title='bbox 1067 1424 1199 1476; x_wconf 89' lang='grc' dir='ltr'>μηνὸς</span> <span class='ocrx_word' id='word_1_158' title='bbox 1228 1425 1360 1477; x_wconf 86' lang='grc' dir='ltr'>ἤγετο</span> <span class='ocrx_word' id='word_1_159' title='bbox 1391 1427 1453 1480; x_wconf 82' lang='grc' dir='ltr'><strong>τῷ</strong></span> <span class='ocrx_word' id='word_1_160' title='bbox 1478 1424 1564 1478; x_wconf 78' lang='grc' dir='ltr'>Διί,</span> <span class='ocrx_word' id='word_1_161' title='bbox 1594 1428 1666 1467; x_wconf 82' lang='lat' dir='ltr'><strong>aut</strong></span> <span class='ocrx_word' id='word_1_162' title='bbox 1693 1427 1838 1478; x_wconf 85' lang='lat' dir='ltr'><strong>prioris</strong></span> 
     </span>
     <span class='ocr_line' id='line_1_20' title="bbox 265 1491 1839 1544; baseline 0 -12"><span class='ocrx_word' id='word_1_163' title='bbox 265 1495 423 1533; x_wconf 82' lang='lat' dir='ltr'><strong>tantum</strong></span> <span class='ocrx_word' id='word_1_164' title='bbox 454 1493 711 1544; x_wconf 79' lang='lat' dir='ltr'><strong>olympiadis,</strong></span> <span class='ocrx_word' id='word_1_165' title='bbox 749 1495 819 1533; x_wconf 86' lang='lat' dir='ltr'><strong>aut</strong></span> <span class='ocrx_word' id='word_1_166' title='bbox 848 1493 1096 1544; x_wconf 86' lang='lat' dir='ltr'><strong>frequentius</strong></span> <span class='ocrx_word' id='word_1_167' title='bbox 1127 1491 1403 1544; x_wconf 81' lang='lat' dir='ltr'><strong>Olympiorum</strong></span> <span class='ocrx_word' id='word_1_168' title='bbox 1439 1495 1595 1544; x_wconf 85' lang='lat' dir='ltr'><strong>tempus</strong></span> <span class='ocrx_word' id='word_1_169' title='bbox 1625 1492 1839 1533; x_wconf 86' lang='lat' dir='ltr'><strong>secundum</strong></span> 
     </span>
     <span class='ocr_line' id='line_1_21' title="bbox 263 1559 1209 1600; baseline -0.001 -2"><span class='ocrx_word' id='word_1_170' title='bbox 263 1561 501 1600; x_wconf 82' lang='lat' dir='ltr'><strong>recentiores</strong></span> <span class='ocrx_word' id='word_1_171' title='bbox 531 1561 657 1599; x_wconf 85' lang='lat' dir='ltr'><strong>fastos</strong></span> <span class='ocrx_word' id='word_1_172' title='bbox 689 1560 832 1599; x_wconf 86' lang='lat' dir='ltr'><strong>atticos</strong></span> <span class='ocrx_word' id='word_1_173' title='bbox 864 1559 1209 1598; x_wconf 82' lang='lat' dir='ltr'><strong>circumscribitur.</strong></span> 
     </span>
    </p>

    <p class='ocr_par' dir='ltr' id='par_1_5' title="bbox 264 1619 1840 2404">
     <span class='ocr_line' id='line_1_22' title="bbox 385 1619 1839 1680; baseline -0.001 -14"><span class='ocrx_word' id='word_1_174' title='bbox 385 1623 547 1666; x_wconf 85' lang='lat' dir='ltr'><strong>‘Mensis</strong></span> <span class='ocrx_word' id='word_1_175' title='bbox 579 1622 794 1677; x_wconf 85' lang='lat' dir='ltr'><strong>Olympioi&#39;</strong></span> <span class='ocrx_word' id='word_1_176' title='bbox 826 1620 941 1679; x_wconf 83' lang='lat' dir='ltr'><strong>(IGA</strong></span> <span class='ocrx_word' id='word_1_177' title='bbox 974 1626 1072 1675; x_wconf 83' lang='lat'><strong>116,</strong></span> <span class='ocrx_word' id='word_1_178' title='bbox 1100 1626 1166 1664; x_wconf 89' lang='lat'><strong>11.</strong></span> <span class='ocrx_word' id='word_1_179' title='bbox 1199 1626 1296 1676; x_wconf 84' lang='lat'><strong>119,</strong></span> <span class='ocrx_word' id='word_1_180' title='bbox 1322 1619 1369 1680; x_wconf 85' lang='lat'><strong>2)</strong></span> <span class='ocrx_word' id='word_1_181' title='bbox 1401 1625 1470 1676; x_wconf 91' lang='lat' dir='ltr'><strong>qui</strong></span> <span class='ocrx_word' id='word_1_182' title='bbox 1501 1624 1688 1665; x_wconf 84' lang='lat' dir='ltr'><strong>Eleorum</strong></span> <span class='ocrx_word' id='word_1_183' title='bbox 1717 1625 1839 1664; x_wconf 84' lang='lat' dir='ltr'><strong>fasto-</strong></span> 
     </span>
     <span class='ocr_line' id='line_1_23' title="bbox 264 1690 1839 1742; baseline 0 -12"><span class='ocrx_word' id='word_1_184' title='bbox 264 1706 352 1731; x_wconf 90' lang='lat' dir='ltr'><strong>rum</strong></span> <span class='ocrx_word' id='word_1_185' title='bbox 384 1695 549 1732; x_wconf 70' lang='lat' dir='ltr'><strong>octavus</strong></span> <span class='ocrx_word' id='word_1_186' title='bbox 580 1693 702 1732; x_wconf 86' lang='lat' dir='ltr'><strong>fuisse</strong></span> <span class='ocrx_word' id='word_1_187' title='bbox 734 1694 775 1732; x_wconf 86' lang='lat' dir='ltr'><strong>et</strong></span> <span class='ocrx_word' id='word_1_188' title='bbox 805 1692 999 1732; x_wconf 83' lang='lat' dir='ltr'><strong>fastorum</strong></span> <span class='ocrx_word' id='word_1_189' title='bbox 1029 1692 1162 1732; x_wconf 89' lang='lat' dir='ltr'><strong>nescio</strong></span> <span class='ocrx_word' id='word_1_190' title='bbox 1193 1704 1361 1742; x_wconf 84' lang='lat' dir='ltr'><strong>quorum</strong></span> <span class='ocrx_word' id='word_1_191' title='bbox 1390 1691 1591 1731; x_wconf 88' lang='lat' dir='ltr'><strong>mensibus</strong></span> <span class='ocrx_word' id='word_1_192' title='bbox 1622 1692 1693 1730; x_wconf 86' lang='lat' dir='ltr'><strong>aut</strong></span> <span class='ocrx_word' id='word_1_193' title='bbox 1715 1690 1839 1742; x_wconf 88' lang='lat' dir='ltr'><strong>Apol-</strong></span> 
     </span>
     <span class='ocr_line' id='line_1_24' title="bbox 265 1756 1840 1809; baseline 0.001 -14"><span class='ocrx_word' id='word_1_194' title='bbox 265 1758 372 1797; x_wconf 84' lang='lat' dir='ltr'><strong>lonio</strong></span> <span class='ocrx_word' id='word_1_195' title='bbox 406 1760 475 1796; x_wconf 85' lang='lat' dir='ltr'><strong>aut</strong></span> <span class='ocrx_word' id='word_1_196' title='bbox 504 1757 719 1797; x_wconf 89' lang='lat' dir='ltr'><strong>Parthenio</strong></span> <span class='ocrx_word' id='word_1_197' title='bbox 749 1757 999 1809; x_wconf 82' lang='lat' dir='ltr'><strong>respondisse</strong></span> <span class='ocrx_word' id='word_1_198' title='bbox 1029 1757 1220 1808; x_wconf 77' lang='lat' dir='ltr'><strong>traditur,</strong></span> <span class='ocrx_word' id='word_1_199' title='bbox 1259 1770 1403 1798; x_wconf 87' lang='lat' dir='ltr'><strong>nomen</strong></span> <span class='ocrx_word' id='word_1_200' title='bbox 1433 1757 1639 1808; x_wconf 88' lang='lat' dir='ltr'><strong>proprium</strong></span> <span class='ocrx_word' id='word_1_201' title='bbox 1668 1758 1703 1797; x_wconf 92' lang='lat' dir='ltr'><strong>si</strong></span> <span class='ocrx_word' id='word_1_202' title='bbox 1735 1756 1840 1808; x_wconf 86' lang='lat' dir='ltr'><strong>quod</strong></span> 
     </span>
     <span class='ocr_line' id='line_1_25' title="bbox 265 1822 1839 1875; baseline 0.001 -14"><span class='ocrx_word' id='word_1_203' title='bbox 265 1823 343 1862; x_wconf 83' lang='lat' dir='ltr'><strong>fuit</strong></span> <span class='ocrx_word' id='word_1_204' title='bbox 367 1825 584 1874; x_wconf 80' lang='lat' dir='ltr'><strong>ignoratur.</strong></span> <span class='ocrx_word' id='word_1_205' title='bbox 630 1823 738 1870; x_wconf 84' lang='lat' dir='ltr'><strong>Quae</strong></span> <span class='ocrx_word' id='word_1_206' title='bbox 762 1826 963 1875; x_wconf 86' lang='lat' dir='ltr'><strong>utcunque</strong></span> <span class='ocrx_word' id='word_1_207' title='bbox 983 1837 1024 1864; x_wconf 87' lang='lat' dir='ltr'><strong>se</strong></span> <span class='ocrx_word' id='word_1_208' title='bbox 1042 1823 1202 1874; x_wconf 84' lang='lat' dir='ltr'><strong>habent,</strong></span> <span class='ocrx_word' id='word_1_209' title='bbox 1220 1824 1423 1864; x_wconf 87' lang='lat' dir='ltr'><strong>verissime</strong></span> <span class='ocrx_word' id='word_1_210' title='bbox 1442 1823 1599 1864; x_wconf 84' lang='lat' dir='ltr'><strong>videtur</strong></span> <span class='ocrx_word' id='word_1_211' title='bbox 1618 1822 1839 1864; x_wconf 86' lang='lat' dir='ltr'><strong>Boeckhius</strong></span> 
     </span>
     <span class='ocr_line' id='line_1_26' title="bbox 266 1883 1839 1946; baseline 0 -17"><span class='ocrx_word' id='word_1_212' title='bbox 266 1890 476 1929; x_wconf 84' lang='lat' dir='ltr'><strong>coniecisse</strong></span> <span class='ocrx_word' id='word_1_213' title='bbox 514 1884 558 1943; x_wconf 86' lang='lat' dir='ltr'><strong>(a</strong></span> <span class='ocrx_word' id='word_1_214' title='bbox 591 1890 718 1940; x_wconf 87' lang='lat'>1818,</span> <span class='ocrx_word' id='word_1_215' title='bbox 748 1890 793 1929; x_wconf 89' lang='lat' dir='ltr'><strong>kl</strong></span> <span class='ocrx_word' id='word_1_216' title='bbox 824 1888 922 1930; x_wconf 80' lang='lat' dir='ltr'><strong>Schr</strong></span> <span class='ocrx_word' id='word_1_217' title='bbox 945 1889 984 1928; x_wconf 89' lang='lat' dir='ltr'>V</span> <span class='ocrx_word' id='word_1_218' title='bbox 1011 1883 1117 1946; x_wconf 83' lang='lat'>198)</span> <span class='ocrx_word' id='word_1_219' title='bbox 1153 1902 1288 1930; x_wconf 90' lang='lat' dir='ltr'><strong>omnes</strong></span> <span class='ocrx_word' id='word_1_220' title='bbox 1318 1892 1515 1930; x_wconf 79' lang='lat' dir='ltr'><strong>mercatus</strong></span> <span class='ocrx_word' id='word_1_221' title='bbox 1544 1889 1839 1941; x_wconf 83' lang='lat' dir='ltr'><strong>panhellenicos</strong></span> 
     </span>
     <span class='ocr_line' id='line_1_27' title="bbox 264 1955 1838 2007; baseline 0.001 -14"><span class='ocrx_word' id='word_1_222' title='bbox 264 1956 395 2005; x_wconf 86' lang='lat' dir='ltr'><strong>prisca</strong></span> <span class='ocrx_word' id='word_1_223' title='bbox 425 1955 497 1994; x_wconf 80' lang='lat' dir='ltr'><strong>illa</strong></span> <span class='ocrx_word' id='word_1_224' title='bbox 528 1957 617 1995; x_wconf 87' lang='lat' dir='ltr'><strong>octo</strong></span> <span class='ocrx_word' id='word_1_225' title='bbox 649 1968 844 1996; x_wconf 79' lang='lat' dir='ltr'><strong>annorum</strong></span> <span class='ocrx_word' id='word_1_226' title='bbox 873 1955 1037 2007; x_wconf 84' lang='lat' dir='ltr'><strong>periodo</strong></span> <span class='ocrx_word' id='word_1_227' title='bbox 1067 1956 1191 1997; x_wconf 86' lang='lat' dir='ltr'><strong>fuisse</strong></span> <span class='ocrx_word' id='word_1_228' title='bbox 1222 1957 1470 1996; x_wconf 81' lang='lat' dir='ltr'><strong>constitutos.</strong></span> <span class='ocrx_word' id='word_1_229' title='bbox 1533 1955 1660 2002; x_wconf 84' lang='lat' dir='ltr'><strong>Quam</strong></span> <span class='ocrx_word' id='word_1_230' title='bbox 1691 1955 1741 1995; x_wconf 86' lang='lat' dir='ltr'><strong>ad</strong></span> <span class='ocrx_word' id='word_1_231' title='bbox 1770 1967 1838 2007; x_wconf 88' lang='lat' dir='ltr'><strong>pe·</strong></span> 
     </span>
     <span class='ocr_line' id='line_1_28' title="bbox 264 2020 1839 2074; baseline 0.001 -14"><span class='ocrx_word' id='word_1_232' title='bbox 264 2020 422 2061; x_wconf 87' lang='lat' dir='ltr'><strong>riodum</strong></span> <span class='ocrx_word' id='word_1_233' title='bbox 446 2022 568 2061; x_wconf 87' lang='lat' dir='ltr'><strong>etiam</strong></span> <span class='ocrx_word' id='word_1_234' title='bbox 587 2021 824 2072; x_wconf 81' lang='lat' dir='ltr'><strong>Pythiorum</strong></span> <span class='ocrx_word' id='word_1_235' title='bbox 849 2022 1021 2073; x_wconf 83' lang='lat' dir='ltr'><strong>origines</strong></span> <span class='ocrx_word' id='word_1_236' title='bbox 1047 2024 1088 2061; x_wconf 90' lang='lat' dir='ltr'><strong>et</strong></span> <span class='ocrx_word' id='word_1_237' title='bbox 1113 2023 1182 2066; x_wconf 78' lang='lat'><strong>47.</strong></span> <span class='ocrx_word' id='word_1_238' title='bbox 1212 2024 1255 2062; x_wconf 58' lang='lat' dir='ltr'><strong>ot&gt;</strong></span> <span class='ocrx_word' id='word_1_239' title='bbox 1271 2023 1339 2062; x_wconf 83' lang='lat'><strong>49.</strong></span> <span class='ocrx_word' id='word_1_240' title='bbox 1366 2021 1585 2073; x_wconf 79' lang='lat' dir='ltr'><strong>olympiadi</strong></span> <span class='ocrx_word' id='word_1_241' title='bbox 1610 2021 1839 2074; x_wconf 73' lang='lat' dir='ltr'><strong>adsignatus</strong></span> 
     </span>
     <span class='ocr_line' id='line_1_29' title="bbox 264 2085 1839 2141; baseline 0.001 -16"><span class='ocrx_word' id='word_1_242' title='bbox 264 2088 461 2136; x_wconf 82' lang='lat' dir='ltr'><strong>pertinere</strong></span> <span class='ocrx_word' id='word_1_243' title='bbox 494 2099 583 2127; x_wconf 88' lang='lat' dir='ltr'><strong>cum</strong></span> <span class='ocrx_word' id='word_1_244' title='bbox 613 2085 710 2127; x_wconf 84' lang='lat' dir='ltr'><strong>olim</strong></span> <span class='ocrx_word' id='word_1_245' title='bbox 740 2091 926 2141; x_wconf 78' lang='lat' dir='ltr'><strong>negasset</strong></span> <span class='ocrx_word' id='word_1_246' title='bbox 955 2088 1017 2127; x_wconf 86' lang='lat' dir='ltr'><strong>vir</strong></span> <span class='ocrx_word' id='word_1_247' title='bbox 1049 2089 1249 2141; x_wconf 84' lang='lat' dir='ltr'><strong>egregius,</strong></span> <span class='ocrx_word' id='word_1_248' title='bbox 1287 2090 1380 2139; x_wconf 88' lang='lat' dir='ltr'><strong>post</strong></span> <span class='ocrx_word' id='word_1_249' title='bbox 1415 2093 1522 2128; x_wconf 86' lang='lat' dir='ltr'><strong>recte</strong></span> <span class='ocrx_word' id='word_1_250' title='bbox 1558 2087 1717 2127; x_wconf 84' lang='lat' dir='ltr'><strong>videtur</strong></span> <span class='ocrx_word' id='word_1_251' title='bbox 1750 2098 1839 2137; x_wconf 83' lang='lat' dir='ltr'><strong>per-</strong></span> 
     </span>
     <span class='ocr_line' id='line_1_30' title="bbox 266 2147 1839 2209; baseline 0 -18"><span class='ocrx_word' id='word_1_252' title='bbox 266 2153 439 2202; x_wconf 86' lang='lat' dir='ltr'><strong>spexisse</strong></span> <span class='ocrx_word' id='word_1_253' title='bbox 483 2147 592 2207; x_wconf 85' lang='lat' dir='ltr'><strong>(vide</strong></span> <span class='ocrx_word' id='word_1_254' title='bbox 624 2153 863 2194; x_wconf 83' lang='lat' dir='ltr'><strong>Eichholtzii</strong></span> <span class='ocrx_word' id='word_1_255' title='bbox 900 2154 1082 2194; x_wconf 87' lang='lat' dir='ltr'><strong>notulam</strong></span> <span class='ocrx_word' id='word_1_256' title='bbox 1110 2153 1149 2191; x_wconf 89' lang='lat' dir='ltr'><strong>V</strong></span> <span class='ocrx_word' id='word_1_257' title='bbox 1177 2148 1292 2209; x_wconf 78' lang='lat'>199).</span> <span class='ocrx_word' id='word_1_258' title='bbox 1358 2153 1551 2204; x_wconf 73' lang='lat' dir='ltr'><strong>Pythicae</strong></span> <span class='ocrx_word' id='word_1_259' title='bbox 1591 2153 1698 2192; x_wconf 88' lang='lat' dir='ltr'><strong>enim</strong></span> <span class='ocrx_word' id='word_1_260' title='bbox 1733 2153 1839 2191; x_wconf 80' lang='lat' dir='ltr'><strong>octa-</strong></span> 
     </span>
     <span class='ocr_line' id='line_1_31' title="bbox 267 2218 1839 2272; baseline 0 -16"><span class='ocrx_word' id='word_1_261' title='bbox 267 2218 427 2257; x_wconf 84' lang='lat' dir='ltr'><strong>eteridis</strong></span> <span class='ocrx_word' id='word_1_262' title='bbox 458 2219 580 2258; x_wconf 87' lang='lat' dir='ltr'><strong>etiam</strong></span> <span class='ocrx_word' id='word_1_263' title='bbox 611 2220 660 2258; x_wconf 87' lang='lat' dir='ltr'><strong>ab</strong></span> <span class='ocrx_word' id='word_1_264' title='bbox 690 2219 1011 2266; x_wconf 85' lang='lat' dir='ltr'><strong>Atheniensibus·</strong></span> <span class='ocrx_word' id='word_1_265' title='bbox 1030 2219 1100 2259; x_wconf 85' lang='lat' dir='ltr'><strong>diu</strong></span> <span class='ocrx_word' id='word_1_266' title='bbox 1131 2219 1318 2272; x_wconf 79' lang='lat' dir='ltr'><strong>religiose</strong></span> <span class='ocrx_word' id='word_1_267' title='bbox 1347 2219 1580 2259; x_wconf 71' lang='lat' dir='ltr'><strong>observatae</strong></span> <span class='ocrx_word' id='word_1_268' title='bbox 1610 2229 1716 2257; x_wconf 87' lang='lat' dir='ltr'><strong>nunc</strong></span> <span class='ocrx_word' id='word_1_269' title='bbox 1749 2229 1839 2269; x_wconf 79' lang='lat' dir='ltr'><strong>gra-</strong></span> 
     </span>
     <span class='ocr_line' id='line_1_32' title="bbox 267 2277 1840 2336; baseline -0.001 -14"><span class='ocrx_word' id='word_1_270' title='bbox 267 2284 472 2323; x_wconf 87' lang='lat' dir='ltr'><strong>vissimum</strong></span> <span class='ocrx_word' id='word_1_271' title='bbox 502 2284 700 2325; x_wconf 82' lang='lat' dir='ltr'><strong>habemus</strong></span> <span class='ocrx_word' id='word_1_272' title='bbox 722 2286 995 2326; x_wconf 86' lang='lat' dir='ltr'><strong>testimonium</strong></span> <span class='ocrx_word' id='word_1_273' title='bbox 1027 2284 1117 2324; x_wconf 84' lang='lat' dir='ltr'><strong>cIA</strong></span> <span class='ocrx_word' id='word_1_274' title='bbox 1146 2284 1189 2324; x_wconf 93' lang='grc' dir='ltr'>Π</span> <span class='ocrx_word' id='word_1_275' title='bbox 1215 2277 1246 2324; x_wconf 69' lang='lat'><strong>‘2</strong></span> <span class='ocrx_word' id='word_1_276' title='bbox 1277 2288 1327 2324; x_wconf 82' lang='lat' dir='ltr'><strong>n&#39;r</strong></span> <span class='ocrx_word' id='word_1_277' title='bbox 1357 2283 1442 2325; x_wconf 80' lang='lat'><strong>985</strong></span> <span class='ocrx_word' id='word_1_278' title='bbox 1473 2296 1501 2334; x_wconf 87' lang='lat' dir='ltr'><strong>p</strong></span> <span class='ocrx_word' id='word_1_279' title='bbox 1533 2284 1618 2323; x_wconf 79' lang='lat'><strong>432</strong></span> <span class='ocrx_word' id='word_1_280' title='bbox 1659 2277 1722 2336; x_wconf 79' lang='lat' dir='ltr'><strong>(cf</strong></span> <span class='ocrx_word' id='word_1_281' title='bbox 1746 2281 1840 2333; x_wconf 82' lang='lat' dir='ltr'><strong>Aug</strong></span> 
     </span>
     <span class='ocr_line' id='line_1_33' title="bbox 267 2343 1449 2404; baseline 0 -17"><span class='ocrx_word' id='word_1_282' title='bbox 267 2349 486 2388; x_wconf 90' lang='lat' dir='ltr'><strong>Mommsen</strong></span> <span class='ocrx_word' id='word_1_283' title='bbox 515 2349 647 2400; x_wconf 87' lang='lat' dir='ltr'><strong>Delph</strong></span> <span class='ocrx_word' id='word_1_284' title='bbox 679 2352 777 2400; x_wconf 84' lang='lat'><strong>125,</strong></span> <span class='ocrx_word' id='word_1_285' title='bbox 809 2364 859 2401; x_wconf 89' lang='lat' dir='ltr'><strong>ap</strong></span> <span class='ocrx_word' id='word_1_286' title='bbox 890 2351 1131 2390; x_wconf 87' lang='lat' dir='ltr'><strong>Bursianum</strong></span> <span class='ocrx_word' id='word_1_287' title='bbox 1164 2349 1298 2389; x_wconf 76' lang='grc' dir='ltr'><strong>1886ο</strong></span> <span class='ocrx_word' id='word_1_288' title='bbox 1330 2343 1449 2404; x_wconf 84' lang='grc'>317).</span> 
     </span>
    </p>

    <p class='ocr_par' dir='ltr' id='par_1_6' title="bbox 53 2410 1839 2522">
     <span class='ocr_line' id='line_1_34' title="bbox 53 2410 1839 2468; baseline -0.003 -12"><span class='ocrx_word' id='word_1_289' title='bbox 53 2429 248 2462; x_wconf 52' lang='grc' dir='ltr'>Βοιςνριε</span> <span class='ocrx_word' id='word_1_290' title='bbox 389 2410 690 2466; x_wconf 78' lang='lat' dir='ltr'><strong>“Pythiades</strong></span> <span class='ocrx_word' id='word_1_291' title='bbox 731 2416 889 2468; x_wconf 83' lang='lat' dir='ltr'><strong>quando</strong></span> <span class='ocrx_word' id='word_1_292' title='bbox 930 2415 1134 2456; x_wconf 86' lang='lat' dir='ltr'><strong>exordium</strong></span> <span class='ocrx_word' id='word_1_293' title='bbox 1173 2415 1368 2466; x_wconf 82' lang='lat' dir='ltr'><strong>ceperint,</strong></span> <span class='ocrx_word' id='word_1_294' title='bbox 1406 2425 1488 2453; x_wconf 84' lang='lat' dir='ltr'><strong>non</strong></span> <span class='ocrx_word' id='word_1_295' title='bbox 1526 2413 1625 2453; x_wconf 82' lang='lat' dir='ltr'><strong>satis</strong></span> <span class='ocrx_word' id='word_1_296' title='bbox 1665 2413 1839 2452; x_wconf 77' lang='lat' dir='ltr'><strong>constat:</strong></span> 
     </span>
     <span class='ocr_line' id='line_1_35' title="bbox 267 2477 1839 2522; baseline -0.001 -4"><span class='ocrx_word' id='word_1_297' title='bbox 267 2492 361 2519; x_wconf 87' lang='lat' dir='ltr'><strong>nam</strong></span> <span class='ocrx_word' id='word_1_298' title='bbox 389 2481 471 2520; x_wconf 86' lang='lat' dir='ltr'><strong>iam</strong></span> <span class='ocrx_word' id='word_1_299' title='bbox 500 2483 654 2522; x_wconf 85' lang='lat' dir='ltr'><strong>veteres</strong></span> <span class='ocrx_word' id='word_1_300' title='bbox 689 2483 796 2522; x_wconf 87' lang='lat' dir='ltr'><strong>inter</strong></span> <span class='ocrx_word' id='word_1_301' title='bbox 832 2480 873 2522; x_wconf 86' lang='lat' dir='ltr'><strong>se</strong></span> <span class='ocrx_word' id='word_1_302' title='bbox 915 2481 1172 2522; x_wconf 87' lang='lat' dir='ltr'><strong>dissentiunt:</strong></span> <span class='ocrx_word' id='word_1_303' title='bbox 1215 2482 1353 2520; x_wconf 79' lang='lat' dir='ltr'><strong>auctor</strong></span> <span class='ocrx_word' id='word_1_304' title='bbox 1392 2479 1596 2519; x_wconf 83' lang='lat' dir='ltr'><strong>annalium</strong></span> <span class='ocrx_word' id='word_1_305' title='bbox 1630 2477 1839 2518; x_wconf 84' lang='lat' dir='ltr'><strong>Pariorum</strong></span> 
     </span>
    </p>
   </div>
   <div class='ocr_carea' id='block_1_3' title="bbox 267 2585 552 2595">
    <p class='ocr_par' dir='ltr' id='par_1_7' title="bbox 267 2585 552 2595">
     <span class='ocr_line' id='line_1_36' title="bbox 267 2585 552 2595; baseline 0 765"><span class='ocrx_word' id='word_1_306' title='bbox 267 2585 552 2595; x_wconf 95' lang='lat' dir='ltr'><strong> </strong></span> 
     </span>
    </p>
   </div>
   <div class='ocr_carea' id='block_1_4' title="bbox 267 2637 1839 2908">
    <p class='ocr_par' dir='ltr' id='par_1_8' title="bbox 267 2637 1839 2908">
     <span class='ocr_line' id='line_1_37' title="bbox 385 2637 1837 2712; baseline -0.005 -14"><span class='ocrx_word' id='word_1_307' title='bbox 385 2660 417 2710; x_wconf 73' lang='lat'><strong>⁸)</strong></span> <span class='ocrx_word' id='word_1_308' title='bbox 442 2661 577 2699; x_wconf 80' lang='lat' dir='ltr'><strong>Verbis</strong></span> <span class='ocrx_word' id='word_1_309' title='bbox 603 2664 738 2708; x_wconf 82' lang='grc' dir='ltr'>μεταξὺ</span> <span class='ocrx_word' id='word_1_310' title='bbox 756 2663 904 2700; x_wconf 79' lang='grc' dir='ltr'>πίπτειν</span> <span class='ocrx_word' id='word_1_311' title='bbox 926 2637 966 2699; x_wconf 84' lang='lat' dir='ltr'><strong>et</strong></span> <span class='ocrx_word' id='word_1_312' title='bbox 985 2662 1120 2706; x_wconf 83' lang='grc' dir='ltr'>μεταξὺ</span> <span class='ocrx_word' id='word_1_313' title='bbox 1139 2661 1288 2705; x_wconf 80' lang='grc' dir='ltr'>ἄγεςθαι·</span> <span class='ocrx_word' id='word_1_314' title='bbox 1305 2657 1486 2705; x_wconf 82' lang='lat' dir='ltr'><strong>temporis</strong></span> <span class='ocrx_word' id='word_1_315' title='bbox 1505 2640 1705 2693; x_wconf 80' lang='lat' dir='ltr'><strong>intervalla</strong></span> <span class='ocrx_word' id='word_1_316' title='bbox 1722 2655 1837 2712; x_wconf 74' lang='lat' dir='ltr'><strong>signi-</strong></span> 
     </span>
     <span class='ocr_line' id='line_1_38' title="bbox 267 2705 1837 2759; baseline -0.003 -15"><span class='ocrx_word' id='word_1_317' title='bbox 267 2707 372 2745; x_wconf 75' lang='lat' dir='ltr'><strong>ficari</strong></span> <span class='ocrx_word' id='word_1_318' title='bbox 404 2709 595 2759; x_wconf 78' lang='lat' dir='ltr'><strong>videntur,</strong></span> <span class='ocrx_word' id='word_1_319' title='bbox 633 2709 738 2747; x_wconf 71' lang='lat' dir='ltr'><strong>nullo</strong></span> <span class='ocrx_word' id='word_1_320' title='bbox 773 2721 865 2747; x_wconf 87' lang='lat' dir='ltr'><strong>sane</strong></span> <span class='ocrx_word' id='word_1_321' title='bbox 899 2708 1133 2753; x_wconf 76' lang='lat' dir='ltr'><strong>discrimine3</strong></span> <span class='ocrx_word' id='word_1_322' title='bbox 1169 2706 1246 2743; x_wconf 87' lang='lat' dir='ltr'><strong>nisi</strong></span> <span class='ocrx_word' id='word_1_323' title='bbox 1277 2705 1376 2743; x_wconf 74' lang='lat' dir='ltr'><strong>forte</strong></span> <span class='ocrx_word' id='word_1_324' title='bbox 1409 2707 1616 2751; x_wconf 79' lang='grc' dir='ltr'>ἀγομένους</span> <span class='ocrx_word' id='word_1_325' title='bbox 1651 2714 1837 2752; x_wconf 70' lang='lat' dir='ltr'><strong>cumgen-</strong></span> 
     </span>
     <span class='ocr_line' id='line_1_39' title="bbox 269 2756 1839 2851; baseline -0.003 -10"><span class='ocrx_word' id='word_1_326' title='bbox 269 2756 358 2791; x_wconf 68' lang='lat' dir='ltr'><strong>dum</strong></span> <span class='ocrx_word' id='word_1_327' title='bbox 383 2759 449 2851; x_wconf 39' lang='grc' dir='ltr'><strong>εἰ).</strong></span> <span class='ocrx_word' id='word_1_328' title='bbox 462 2804 511 2849; x_wconf 79' lang='lat' dir='ltr'><strong>Cf</strong></span> <span class='ocrx_word' id='word_1_329' title='bbox 531 2805 634 2842; x_wconf 89' lang='lat' dir='ltr'><strong>Henr</strong></span> <span class='ocrx_word' id='word_1_330' title='bbox 657 2804 796 2844; x_wconf 80' lang='lat' dir='ltr'><strong>Nissen</strong></span> <span class='ocrx_word' id='word_1_331' title='bbox 826 2805 950 2842; x_wconf 79' lang='lat' dir='ltr'><strong>Rhein</strong></span> <span class='ocrx_word' id='word_1_332' title='bbox 973 2804 1058 2841; x_wconf 71' lang='lat' dir='ltr'><strong>Mus</strong></span> <span class='ocrx_word' id='word_1_333' title='bbox 1082 2808 1130 2841; x_wconf 74' lang='lat'><strong>40</strong></span> <span class='ocrx_word' id='word_1_334' title='bbox 1159 2803 1283 2850; x_wconf 73' lang='lat'>(1885)</span> <span class='ocrx_word' id='word_1_335' title='bbox 1305 2805 1388 2838; x_wconf 74' lang='lat'>851.</span> <span class='ocrx_word' id='word_1_336' title='bbox 1438 2799 1495 2837; x_wconf 90' lang='lat' dir='ltr'><strong>De</strong></span> <span class='ocrx_word' id='word_1_337' title='bbox 1518 2799 1704 2847; x_wconf 77' lang='lat' dir='ltr'><strong>Olympiis</strong></span> <span class='ocrx_word' id='word_1_338' title='bbox 1735 2800 1839 2848; x_wconf 74' lang='lat' dir='ltr'><strong>apud</strong></span> 
     </span>
     <span class='ocr_line' id='line_1_40' title="bbox 268 2847 1836 2908; baseline 0 -22"><span class='ocrx_word' id='word_1_339' title='bbox 268 2860 392 2887; x_wconf 88' lang='lat' dir='ltr'><strong>rerum</strong></span> <span class='ocrx_word' id='word_1_340' title='bbox 418 2852 761 2908; x_wconf 43' lang='lat' dir='ltr'><strong>scriptores-obviis</strong></span> <span class='ocrx_word' id='word_1_341' title='bbox 786 2853 872 2890; x_wconf 86' lang='lat' dir='ltr'><strong>vide</strong></span> <span class='ocrx_word' id='word_1_342' title='bbox 897 2852 1082 2899; x_wconf 84' lang='lat' dir='ltr'><strong>imprimis</strong></span> <span class='ocrx_word' id='word_1_343' title='bbox 1106 2851 1319 2898; x_wconf 71' lang='lat' dir='ltr'><strong>Augustum</strong></span> <span class='ocrx_word' id='word_1_344' title='bbox 1342 2847 1551 2885; x_wconf 81' lang='lat' dir='ltr'><strong>Mommsen</strong></span> <span class='ocrx_word' id='word_1_345' title='bbox 1577 2848 1592 2884; x_wconf 93' lang='lat'>1</span> <span class='ocrx_word' id='word_1_346' title='bbox 1616 2859 1638 2885; x_wconf 85' lang='lat' dir='ltr'><strong>c</strong></span> <span class='ocrx_word' id='word_1_347' title='bbox 1660 2851 1836 2886; x_wconf 71' lang='lat'><strong>54—100.</strong></span> 
     </span>
    </p>
   </div>
   <div class='ocr_carea' id='block_1_5' title="bbox 269 2896 1838 2995">
    <p class='ocr_par' dir='ltr' id='par_1_9' title="bbox 269 2896 1838 2995">
     <span class='ocr_line' id='line_1_41' title="bbox 388 2896 1838 2983; baseline -0.001 -48"><span class='ocrx_word' id='word_1_348' title='bbox 388 2899 458 2947; x_wconf 72' lang='grc'><strong>*“)</strong></span> <span class='ocrx_word' id='word_1_349' title='bbox 483 2900 549 2945; x_wconf 86' lang='lat' dir='ltr'><strong>qui</strong></span> <span class='ocrx_word' id='word_1_350' title='bbox 572 2912 717 2983; x_wconf 50' lang='lat' dir='ltr'><strong>{rimus</strong></span> <span class='ocrx_word' id='word_1_351' title='bbox 742 2902 871 2937; x_wconf 81' lang='lat' dir='ltr'><strong>nostra</strong></span> <span class='ocrx_word' id='word_1_352' title='bbox 895 2902 1022 2936; x_wconf 79' lang='lat' dir='ltr'><strong>aetate</strong></span> <span class='ocrx_word' id='word_1_353' title='bbox 1047 2898 1308 2946; x_wconf 80' lang='lat' dir='ltr'><strong>quaestionem</strong></span> <span class='ocrx_word' id='word_1_354' title='bbox 1325 2896 1373 2934; x_wconf 83' lang='lat' dir='ltr'><strong>de</strong></span> <span class='ocrx_word' id='word_1_355' title='bbox 1392 2896 1652 2943; x_wconf 78' lang='lat' dir='ltr'><strong>Olympiorum</strong></span> <span class='ocrx_word' id='word_1_356' title='bbox 1669 2897 1838 2944; x_wconf 83' lang='lat' dir='ltr'><strong>tempore</strong></span> 
     </span>
     <span class='ocr_line' id='line_1_42' title="bbox 269 2948 983 2995; baseline 0.001 -13"><span class='ocrx_word' id='word_1_357' title='bbox 269 2957 467 2993; x_wconf 79' lang='lat' dir='ltr'><strong>aggressus</strong></span> <span class='ocrx_word' id='word_1_358' title='bbox 493 2950 551 2983; x_wconf 83' lang='lat' dir='ltr'><strong>est</strong></span> <span class='ocrx_word' id='word_1_359' title='bbox 604 2948 659 2983; x_wconf 84' lang='lat' dir='ltr'><strong>hil</strong></span> <span class='ocrx_word' id='word_1_360' title='bbox 685 2952 729 2984; x_wconf 81' lang='lat'><strong>33</strong></span> <span class='ocrx_word' id='word_1_361' title='bbox 755 2949 878 2995; x_wconf 78' lang='lat'>(18⁷4)</span> <span class='ocrx_word' id='word_1_362' title='bbox 901 2950 983 2983; x_wconf 77' lang='lat'><strong>229.</strong></span> 
     </span>
    </p>
   </div>
  </div>
 </body>
</html>
