2014 3360
772 214 1143 258 PROLEGOMENA
1167 216 1202 257 11
1715 222 1773 266 23

193 335 233 377 fi-
262 336 349 376 234
390 335 619 376 occurrente
658 335 703 375 in
740 333 817 375 hac
855 333 1017 386 quidem
1059 335 1292 386 quaestione
1335 334 1403 376 vix
1446 334 1664 387 quidquam
1707 334 1775 376 de-

194 401 379 443 cernitur.

312 465 542 516 πέτομαι.
605 466 788 508 Soloecas
818 466 967 507 formas
999 464 1203 522 πέταμαι,
1240 465 1420 509 πέταται
1458 468 1513 508 all
1551 468 1773 520 antiquitus
1799 473 1845 506 36

192 533 274 574 iam
312 532 357 574 in
396 533 617 574 carminum
655 545 889 586 graecorum
925 534 1133 573 contextus
1162 533 1393 586 immigrare
1425 534 1601 585 coepisse
1632 533 1775 590 docent

193 612 284 640 cum
311 612 366 640 vv
394 598 427 638 ll
459 596 493 639 Χ
522 599 620 639 143.
647 599 745 650 198,
776 595 812 638 Ω
839 598 939 653 345,
967 599 1056 638 tum
1087 598 1197 639 schol
1231 597 1264 640 Χ
1294 600 1398 651 1983
1434 599 1478 639 in
1507 598 1683 640 Pindaro
1712 599 1774 639 bis

191 664 405 706 uadumr
429 664 612 706 omnibus
637 664 750 705 libris
776 664 1126 715 consentientibus,
1149 663 1183 704 P
1202 663 1305 704 vm
1331 666 1400 716 90,
1430 665 1471 705 N
1495 664 1555 704 VI
1579 666 1651 716 48,
1674 677 1774 717 quas

193 731 343 772 correxi
372 732 590 782 praeeunte
619 729 715 782 Aug
743 729 886 770 Nauck
915 726 997 770 Mel
1027 744 1091 783 gr-
1092 743 1180 770 rom
1209 729 1249 768 V
1276 731 1373 770 182.
1510 733 1512 735 ’

310 794 489 844 ἐθέλω,
521 795 664 837 θέλω.
725 788 927 836 Boeckhio
958 793 1100 837 θέλειν
1130 794 1388 836 Pindaricum
1419 809 1504 837 esse
1531 797 1697 851 neganti
1728 791 1776 851 (n
1800 802 1846 834 37

192 875 234 903 cr
264 863 365 913 439,
393 861 439 902 kl
470 861 568 902 Schr
597 861 638 900 V
663 862 762 913 391,
791 863 838 901 ut
868 861 1126 902 Homericum
1157 873 1240 902 esse
1271 864 1504 915 negaverat
1519 862 1775 903 Aristarchus

192 927 225 970 Α
245 929 344 968 277.
371 929 471 978 554,
496 939 521 968 o
543 922 651 989 317)
676 927 851 968 oblocuti
875 930 969 968 sunt
991 927 1199 967 Hermann
1224 941 1275 980 ap
1300 927 1420 980 Heyn
1448 929 1562 969 1817
1588 929 1654 968 ΙΠ
1676 929 1775 979 394,

190 994 346 1035 Ahrens
376 994 420 1034 kl
446 993 545 1034 Schr
568 993 590 1033 I
617 995 684 1045 77,
718 994 782 1045 Ty
804 993 1024 1034 Mommsen
1055 993 1175 1045 suppl
1206 994 1282 1044 363
1311 994 1545 1047 profligavit
1576 995 1774 1046 quaestio-

190 1073 282 1101 nem
311 1059 444 1101 Bacch
473 1059 537 1100 HI
562 1061 638 1110 64,
668 1059 707 1099 V
733 1060 832 1110 135,
861 1059 963 1100 XIII
989 1060 1063 1110 18,
1099 1059 1218 1100 XVII
1248 1061 1318 1100 41.
1350 1060 1421 1110 69,
1464 1061 1496 1100 si
1538 1060 1657 1101 modo
1696 1061 1776 1100 fuit

192 1126 391 1179 quaest-103
420 1139 515 1166 nam
543 1125 773 1178 aphaeresis
804 1125 965 1176 quidem
994 1139 1067 1177 per
1098 1121 1219 1177 qu‘am
1250 1124 1394 1167 θέλειν
1423 1126 1467 1166 in
1498 1124 1665 1167 ἐθέλειν
1689 1139 1773 1168 cor-

189 1193 268 1246 rigi
292 1191 494 1233 interdum
515 1204 632 1245 posse
650 1191 872 1243 videbatur,
896 1191 1092 1232 vocativis
1117 1187 1245 1242 ὦναξ,
1270 1187 1450 1242 ὤναεεα,
1477 1188 1773 1243 ῶπολλωνιάε,

191 1255 490 1310 ὠριετόμενεε,
527 1254 734 1309 ὠρκεείλα
770 1252 890 1313 (quas
928 1270 1057 1298 crases
1091 1257 1228 1308 potius
1265 1269 1350 1297 esse
1379 1259 1584 1309 perspexit
1613 1258 1775 1299 Boeckh

189 1324 239 1365 de
268 1326 373 1365 mein·
405 1326 511 1376 290,
546 1338 575 1365 n
606 1337 648 1365 cr
679 1324 777 1364 413.
809 1324 916 1374 47ος
959 1324 1001 1364 cf
1026 1323 1269 1363 Ahrensium
1303 1323 1348 1362 kl
1387 1322 1486 1363 Schr
1521 1323 1543 1362 I
1576 1325 1651 1374 76,
1692 1323 1772 1364 Alb

189 1390 358 1432 Lucium
387 1390 469 1432 diss
499 1391 721 1444 Argentorr
750 1389 810 1430 IX
840 1384 947 1444 390)
985 1389 1141 1430 omissis
1178 1389 1221 1428 in
1251 1386 1426 1429 Pindaro
1464 1389 1676 1430 statuenda
1714 1393 1774 1430 est

189 1457 312 1498 nulla.
375 1454 576 1498 ἐκεῖνος
607 1458 648 1497 et
677 1455 851 1497 Pindaro
882 1457 923 1496 et
951 1454 1187 1507 Bacchylidi
1216 1455 1411 1507 ignotum.

309 1520 642 1574 περιΡώειοεῬ
689 1521 810 1563 Vocis
850 1522 962 1575 origo
1000 1521 1184 1571 obscura3
1228 1533 1349 1572 quam
1389 1533 1413 1560 a
1453 1517 1773 1571 *περιεόντειοε
1798 1532 1845 1564 38

187 1591 369 1642 repetere
409 1602 500 1630 cum
540 1589 630 1630 aliis
669 1588 786 1629 rebus
824 1589 912 1628 tum
952 1587 1151 1628 constanti
1187 1584 1225 1627 ὦ
1260 1586 1527 1638 prohibemur.
1588 1587 1650 1627 Ac
1678 1586 1773 1627 Pin-

188 1655 309 1696 darus
343 1668 433 1696 cum
465 1657 557 1696 ante
587 1655 744 1696 vocales
775 1654 790 1696 i
821 1654 919 1695 eliso
949 1665 1071 1704 περ-,
1107 1654 1199 1693 ante
1230 1665 1423 1693 consonas
1453 1663 1570 1702 περι·
1602 1653 1773 1693 scribere

189 1721 328 1772 soleat,
362 1723 519 1762 retento
555 1720 571 1762 ῐ
607 1721 686 1761 nisi
723 1721 856 1761 omnia
892 1720 1040 1760 fallunt
1079 1716 1330 1769 περιΙ-’ώειοε
1368 1730 1452 1759 esse
1487 1718 1594 1769 vult,
1635 1720 1684 1758 ut
1719 1719 1774 1758 sit

189 1783 246 1828 ‘is
283 1787 354 1839 qui
391 1789 542 1829 ceteros
580 1787 696 1840 quasi
730 1786 932 1840 protrudit
969 1787 1088 1838 atquc
1125 1780 1361 1826 submovet’.
1420 1784 1526 1824 Utut
1559 1786 1638 1835 est,
1680 1786 1772 1825 ante

188 1852 345 1894 vocales
384 1852 606 1894 Pindarum
642 1848 801 1909 περ(ι)-
845 1853 995 1894 elisisse
1038 1865 1129 1892 cum
1171 1851 1223 1892 cll
1267 1850 1301 1892 Ο
1325 1850 1386 1890 VI
1411 1851 1488 1901 36,
1530 1850 1563 1890 Ρ
1587 1850 1647 1890 IV
1673 1851 1772 1901 265,

187 1917 222 1958 Ρ
245 1917 310 1958 ΠΙ
334 1919 411 1970 52,
451 1919 494 1960 N
523 1919 583 1960 XI
606 1920 683 1971 40,
724 1920 764 1960 fi·
795 1920 900 1970 314,
938 1921 1026 1958 tum
1067 1917 1159 1958 inde
1203 1917 1368 1969 colligo,
1412 1916 1518 1968 quod
1561 1917 1602 1956 N
1625 1916 1689 1956 III
1715 1917 1770 1956 33

188 1979 295 2025 ἄναξ
337 1980 587 2034 ὑπέραλλον
631 1982 788 2036 αἰχμὰν
830 1980 978 2035 ταμών
1027 1995 1174 2024 novare
1224 1995 1345 2034 quam
1395 1978 1633 2031 περίαλλον
1676 1982 1770 2022 scri-

186 2049 280 2089 bere
327 2049 483 2090 maluit.
549 2049 664 2091 Unde
713 2047 768 2092 ὅν
815 2046 922 2104 <τε>
970 2045 1156 2100 ‘nepum’
1198 2045 1365 2098 ἐτίμαεε
1416 2044 1569 2088 Λοξία(
1619 2047 1780 2097 conicio,

187 2114 222 2154 P
251 2114 311 2154 XI
336 2116 374 2155 5.

294 2172 414 2230 ἦρα.
490 2171 786 2233 Ρατίςὶοώοἷῆ
831 2178 903 2233 ῥα,
951 2179 979 2233 ἦ
1020 2178 1121 2232 ἄρα,
1170 2174 1196 2232 ἦ
1240 2176 1311 2230 ἄρ,
1358 2180 1443 2220 sive
1485 2179 1771 2232 interrogantis
1795 2189 1842 2222 39

188 2247 282 2286 sunt
323 2245 409 2286 sive
452 2248 735 2298 asseverantis,
777 2250 825 2288 ut
865 2246 910 2289 Π
943 2248 1042 2298 750,
1085 2258 1122 2288 ω
1157 2247 1254 2298 193,
1297 2244 1331 2287 Τ
1366 2247 1435 2297 56,
1476 2244 1582 2297 apud
1624 2245 1770 2285 Home·
1858 2268 1864 2275 ·

186 2324 277 2351 rum
319 2322 474 2362 semper
516 2311 560 2350 in
601 2312 734 2353 fronte
777 2314 1066 2354 sententiarum
1100 2314 1255 2366 positae
1293 2314 1397 2353 sunt.
1457 2311 1578 2363 Apud
1614 2310 1770 2351 Atticos

186 2377 326 2428 poetas
362 2373 389 2427 ἦ
427 2372 482 2426 ῥα
517 2389 610 2417 raro
647 2378 822 2418 traditur
859 2374 1009 2434 (Aesch
1032 2379 1129 2420 Pers
1163 2380 1248 2420 633
1274 2372 1332 2417 D⁵
1369 2373 1489 2429 [dp’i’
1528 2375 1771 2429 KirchhoffJ,

189 2440 299 2492 Soph
327 2440 382 2480 Ai
415 2442 513 2481 172.
530 2443 647 2493 ‘9543
684 2443 814 2483 solent
852 2446 986 2485 autem
1016 2445 1144 2485 Attici
1176 2457 1223 2485 ex
1252 2441 1278 2495 ἦ
1308 2440 1392 2494 ἄρα
1421 2456 1495 2495 per
1525 2443 1656 2483 crasin
1687 2438 1771 2496 ἆρα

187 2507 317 2547 facere
354 2501 497 2561 (Apoll
528 2506 577 2547 de
608 2509 698 2548 coni
727 2508 770 2547 H
801 2510 890 2550 490
920 2510 974 2559 Β,
1010 2510 1032 2549 I
1064 2511 1269 2550 223—24
1295 2509 1381 2560 RS,
1411 2509 1567 2549 Ahrens
1597 2509 1641 2548 kl
1674 2507 1771 2548 Schr

187 2572 209 2612 I
241 2572 325 2622 60,
341 2572 406 2613 cui
436 2584 543 2612 nunc
573 2572 734 2623 quidem
763 2574 886 2625 periti
915 2587 1052 2616 omnes
1084 2564 1415 2631 adstipulantur),
1445 2575 1589 2615 Aeoles
1620 2576 1660 2614 et
1690 2573 1769 2614 Do-

186 2638 336 2679 rienses
367 2635 464 2688 ἦρα,
493 2637 611 2677 Alcm
637 2639 690 2678 61
726 2633 869 2693 (Apoll
892 2639 908 2679 1
932 2634 980 2694 1),
1012 2640 1149 2692 Sapph
1177 2643 1276 2692 102,
1305 2642 1382 2682 Alc
1409 2642 1477 2691 94,
1502 2639 1644 2680 Oollitz
1671 2640 1770 2689 217,

189 2705 217 2743 4
249 2698 380 2759 (Wilh
407 2702 571 2743 Schulze
597 2716 652 2754 qu
677 2716 753 2755 epp
779 2705 880 2754 472,
907 2699 972 2758 2);
1002 2705 1100 2745 item
1124 2719 1303 2758 papyrus
1327 2706 1594 2758 Bacchylides.
1613 2705 1651 2743 V
1671 2706 1768 2746 165.

187 2767 308 2822 Apud
337 2767 556 2808 Pindarum
586 2768 631 2808 in
660 2768 869 2821 principiis
900 2770 1190 2810 sententiarum
1220 2769 1246 2822 ἦ
1279 2769 1334 2821 ῥα
1365 2767 1412 2827 (ἦ
1444 2768 1546 2823 ἄρα)
1577 2772 1618 2810 et
1647 2770 1768 2810 tradi-

187 2836 255 2874 tur
285 2835 325 2874 et
356 2833 487 2875 editur
517 2828 581 2888 (in
609 2834 922 2887 interrogatione
952 2833 974 2874 I
1003 2833 1085 2874 VII
1110 2835 1156 2885 3,
1185 2836 1230 2876 in
1261 2836 1526 2877 affirmatione
1557 2835 1591 2875 P
1615 2835 1675 2875 IV
1700 2836 1769 2886 57,

187 2900 246 2941 XI
278 2894 374 2956 38),
409 2898 552 2941 mediis
588 2899 633 2941 in
667 2900 877 2941 sententiis
912 2900 1138 2952 ubicunque
1173 2900 1384 2942 trochaeus
1419 2902 1655 2953 requiritur,
1686 2898 1769 2951 ἄρα

190 2965 294 3019 quod
326 2967 387 3007 est
415 2966 460 3006 in
488 2964 603 3006 libris
635 2979 659 3005 a
688 2964 889 3007 Boeckhio
918 2966 962 3006 in
992 2961 1076 3016 ἆρα
1111 2966 1261 3006 mutari
1292 2965 1412 3017 solet,
1442 2966 1625 3008 omnibus
1655 2966 1767 3019 plau·
