2014 3360
282 230 339 273 22
941 226 1188 263 PINDARVS

281 342 316 383 O
345 343 383 382 X
408 343 463 382 37
494 341 653 391 Ambrr,
689 338 947 390 κακηγοριᾶν
983 338 1016 378 Ρ
1041 322 1083 379 Π
1110 339 1165 387 53
1190 339 1308 389 vat-t,
1345 335 1479 388 ἀληθῆ
1518 337 1552 379 Ο
1576 339 1598 378 I
1623 340 1678 379 28
1716 351 1852 379 omnes

280 409 439 459 praeter
468 406 566 447 duos
596 406 744 446 Ambrr
774 400 917 460 (FN),
947 401 1147 455 ἀληθείας
1177 403 1211 444 Ο
1235 403 1337 443 VIII
1365 405 1391 443 2
1415 403 1498 444 BG
1527 417 1549 444 c
1578 403 1683 445 duob
1707 404 1854 445 Ambn·

283 468 421 527 (GN),
457 469 661 522 ἐξαίφνης
690 471 749 510 IX
775 472 830 511 52
869 482 1003 510 omnes
1039 471 1197 521 praeter
1228 469 1326 509 du‘os
1356 468 1502 509 Ambrr
1531 464 1592 524 (A
1601 467 1671 524 Ο),
1702 467 1854 519 ἕκηλος

285 538 340 577 58
363 537 406 587 0,
436 533 707 586 θνηςκόντων
738 535 796 575 IX
821 536 876 576 35
896 535 991 585 BN,
1021 533 1242 584 θνήςκοντι
1272 535 1309 574 X
1335 535 1392 575 90
1413 533 1456 584 Ο,
1486 532 1671 584 πέπηται
1695 533 1728 574 Ρ
1752 533 1855 574 VIH
1933 545 1940 551 ·

285 603 310 642 7
315 603 340 642 3
365 603 418 652 Ε,
449 598 651 651 εὐνομίην
676 599 710 640 Ρ
734 600 774 638 V
800 602 854 641 67
883 600 995 650 QRS
1020 594 1147 655 (quod
1177 600 1330 651 placuit
1358 594 1633 654 Mommseno).

213 674 259 707 33
402 666 691 718 Bacchylidi
717 679 818 716 quae
844 666 987 716 quibus
1010 664 1232 705 rationibus
1255 664 1511 705 condonanda
1537 677 1621 705 esse
1645 664 1856 705 videantur

285 727 552 787 (Ἀλκμήνιος
595 728 795 781 ἐπίζηλος
838 728 1081 779 πολύῑηλος
1124 729 1429 780 πολυζήλωτος
1473 728 1743 780 ἑπιςκήπτων
1784 742 1857 771 κυ-

286 795 491 848 βερνήτας
523 793 668 847 λῃςταί
699 795 949 845 παραπλῆγι
980 790 1224 850 παρηΐδων)
1253 796 1379 836 fusius
1411 796 1574 847 exposui
1604 796 1699 836 Berl
1728 795 1858 847 philol

285 861 603 902 Wochenschrift
629 862 757 911 1898,
784 861 868 900 868
890 873 939 901 ss.
1002 859 1079 900 Sed
1109 862 1155 899 ut
1187 860 1255 901 Cei
1277 863 1419 912 poetae
1444 873 1664 902 sermonem
1689 860 1739 900 ad
1762 860 1856 900 Pin-

285 927 461 967 daricam
491 926 707 966 dialectum
737 926 893 978 exigere
923 927 1177 966 temerarium
1208 928 1286 976 est,
1315 927 1374 966 ita
1405 939 1503 978 quos
1533 927 1722 967 ionismos
1753 939 1857 966 com-

285 993 397 1032 muni
432 993 642 1044 poetarum
677 1003 753 1031 usu
790 986 853 1045 (cf
880 1004 980 1042 quae
1011 991 1060 1031 de
1086 989 1280 1041 Θρηῖκιος
1314 991 1428 1032 docet
1457 991 1662 1032 Hermann
1693 990 1745 1031 ad
1774 991 1859 1031 Eur

286 1058 362 1098 Alc
388 1059 472 1098 976
508 1055 575 1108 [ed
600 1055 761 1107 Monk];
793 1057 840 1096 de
873 1056 1024 1106 νήπιος
1055 1069 1175 1107 supra
1205 1055 1231 1108 ἓ
1259 1051 1335 1111 29)
1364 1057 1621 1109 pervulgatos
1653 1069 1737 1098 esse
1767 1069 1858 1096 con-

285 1122 397 1163 tendi
426 1123 599 1173 nequeat
630 1143 686 1149 -
719 1135 770 1161 an
800 1117 1049 1171 Ἀλκμάναν,
1082 1120 1109 1162 Γ
1111 1119 1313 1172 αρυόναν,
1343 1118 1576 1171 Ἐπιμαθέα
1606 1122 1860 1162 Doriensium

288 1188 426 1229 choros
464 1200 535 1228 suo
559 1187 688 1226 Marte
720 1200 859 1227 canere
894 1187 1070 1238 potuisse
1104 1187 1253 1240 negas?
1279 1209 1335 1216 ——
1362 1201 1385 1227 a
1415 1189 1506 1228 vate
1537 1189 1642 1227 certe
1672 1187 1859 1228 Thebano

288 1251 467 1302 Δωρίαν
501 1251 708 1292 κέλευθον
744 1250 891 1301 ὕμνων
927 1252 1131 1293 incedente
1168 1253 1392 1293 abiudicare
1429 1252 1644 1304 aliquando
1682 1265 1732 1292 ne
1769 1264 1859 1292 cau-

287 1318 409 1358 tiores
446 1316 607 1368 quidem
637 1316 886 1356 dubitabunt.
1242 1312 1244 1314 ’

218 1390 265 1422 34
410 1393 438 1422 α
458 1394 466 1421 ;
487 1393 519 1422 ε.
581 1381 727 1422 Dorico
759 1382 953 1422 adiectivo
984 1379 1103 1433 ἱαρός
1142 1396 1243 1435 quae
1276 1383 1490 1436 respondet
1518 1383 1647 1424 forma
1683 1383 1861 1435 vulgaris

288 1444 428 1498 ἱερός
457 1449 666 1499 poetarum
695 1459 771 1487 usu
803 1449 954 1489 sancita
985 1451 1088 1498 erat,
1118 1451 1165 1488 ut
1193 1462 1329 1501 regem
1365 1449 1497 1500 ipsum
1534 1446 1700 1489 ζαθέων
1729 1445 1862 1497 ἱερῶν

290 1510 520 1565 ὁμώνυμον
550 1513 712 1564 proprio
744 1514 834 1553 exui
864 1514 1022 1554 nomine
1046 1527 1204 1555 necesse
1230 1516 1344 1555 esset.
1401 1513 1594 1554 Similiter
1618 1526 1739 1564 quam
1762 1509 1861 1563 Ἀρ-

289 1589 414 1629 ταμιν
454 1578 562 1617 intus
601 1577 787 1629 domique
828 1580 1064 1630 precabatur
1105 1582 1225 1632 poeta
1269 1579 1432 1620 chorum
1474 1592 1591 1619 suum
1629 1574 1882 1635 Ἄρτεμιν-

289 1656 430 1684 vocare
464 1643 591 1683 iussit.
652 1643 807 1686 πιέζω
845 1640 1032 1701 (passim)
1071 1647 1112 1686 et
1143 1639 1401 1700 χέραδ(ος)
1432 1639 1484 1700 (Ρ
1509 1643 1569 1683 VI
1602 1645 1656 1683 12
1693 1643 1786 1683 libri
1822 1644 1864 1683 et

292 1704 413 1763 ΕΜ),
448 1709 629 1760 quamvis
660 1706 832 1751 ἑπίαζεν
865 1724 914 1762 ap
945 1711 1063 1751 Alcm
1088 1712 1144 1751 44
1177 1712 1336 1764 egregio
1366 1710 1585 1751 Herodiani
1614 1709 1657 1748 Π
1682 1710 1781 1759 949,
1807 1709 1862 1748 23

291 1775 520 1815 testimonio
551 1774 804 1815 confirmetur
844 1778 885 1817 et
921 1775 1110 1827 χάραδος
1147 1777 1201 1817 sit
1243 1778 1285 1816 in
1321 1777 1416 1816 tabb
1452 1775 1616 1826 Hei-acl,
1656 1773 1865 1815 retinenda

292 1839 397 1879 duxi.
458 1839 518 1879 De
548 1840 677 1879 forma
708 1838 910 1891 ςκιαρός
946 1837 1087 1897 (ςκιερ,
1120 1842 1153 1882 Ο
1184 1842 1248 1882 ΠΙ
1281 1842 1336 1882 14
1366 1840 1419 1892 A,
1452 1841 1506 1881 18
1535 1839 1643 1881 C'NO
1674 1842 1714 1880 et
1742 1840 1798 1890 D,
1826 1838 1866 1879 fr

296 1906 393 1955 129,
419 1906 443 1944 3
475 1904 572 1944 Plut
602 1905 700 1946 codd
731 1902 873 1962 vulgo)
903 1907 1078 1949 Pindaro
1108 1907 1308 1948 reddenda
1338 1907 1450 1947 nulla
1485 1907 1591 1946 inter
1619 1919 1674 1946 vv
1702 1904 1756 1944 dd
1785 1903 1864 1944 dis·

293 1971 431 2010 sensio.
495 1968 722 2020 χλοαρόν
751 1973 911 2012 restitui
940 1973 973 2012 P
998 1973 1057 2013 IX
1083 1974 1150 2014 38.
1213 1970 1398 2023 φραςίν
1428 1971 1565 2012 invitis
1596 1971 1709 2011 libris
1738 1969 1772 2009 P
1802 1969 1866 2009 ΠΙ

295 2037 348 2075 59
391 2036 578 2076 scribenti
614 2037 814 2078 Boeckhio
858 2051 993 2078 omnes
1033 2037 1336 2088 oboediverunt‚
1377 2036 1526 2078 ibidem
1564 2037 1618 2076 68
1662 2033 1865 2091 τάμνων

294 2101 472 2152 Tychoni
501 2101 721 2143 Mommsen
752 2116 868 2144 nemo
897 2106 1056 2155 praeter
1087 2104 1149 2143 Ed
1178 2103 1385 2144 Boehmer.
1445 2102 1494 2141 In
1529 2101 1661 2141 verbis
1696 2098 1866 2149 τρέπω

295 2161 538 2218 (ἐπιτραψῶ
569 2167 612 2207 in
642 2168 694 2207 tit
725 2171 807 2209 cret
837 2165 981 2209 Caum-²
1008 2169 1106 2219 116,
1131 2163 1221 2224 21),
1251 2166 1462 2218 τρέφειν
1493 2160 1640 2221 (τραφ.
1671 2164 1704 2204 Ρ
1729 2163 1772 2203 11
1796 2164 1867 2214 40,

294 2230 354 2270 IV
381 2232 484 2282 115,
519 2232 541 2271 I
570 2232 592 2271 Ι
615 2233 671 2272 48
697 2233 751 2285 Β,
786 2234 889 2274 VIII
919 2236 977 2275 40
1007 2233 1109 2285 BD;
1151 2233 1220 2273 sed
1259 2243 1381 2283 τρεφ.
1418 2230 1452 2271 Ο
1483 2231 1505 2270 Ι
1530 2231 1634 2279 112,
1669 2229 1708 2269 Χ
1739 2230 1794 2269 95
1827 2229 1868 2269 et

295 2297 418 2346 θρεψ.
442 2297 592 2348 passim
617 2310 751 2339 omnes
777 2294 910 2355 codd),
935 2298 1186 2349 ςτρέφειν,
1211 2296 1416 2347 τρέχειν
1442 2291 1580 2348 (τραχ.
1604 2293 1638 2333 Ρ
1662 2293 1764 2332 VIII
1789 2289 1866 2349 32)

296 2374 320 2401 a
349 2361 524 2414 vulgatis
554 2362 789 2405 lectionibus
820 2364 1019 2405 discedere
1049 2363 1172 2420 nolui.
1233 2359 1486 2420 Baccbylidis
1514 2370 1691 2410 papyrus
1720 2357 1867 2399 Londi-

295 2427 428 2467 nensie
459 2428 499 2467 et
528 2425 656 2481 ἱερός,
685 2426 839 2480 Ἱέρων,
870 2426 1081 2479 Ἄρτεμις,
1113 2426 1302 2478 τρέφειν,
1339 2423 1511 2474 θρέψαι,
1548 2422 1746 2474 ςτρέφειν
1777 2437 1867 2464 con·

295 2492 427 2532 firmat
458 2494 498 2532 et
527 2490 658 2543 τᾶμ’νε
689 2495 807 2535 XVII
835 2497 875 2545 4,
908 2491 1082 2543 τάμνων
1112 2492 1151 2532 V
1178 2493 1246 2532 1⁷.
1300 2490 1403 2530 Item
1433 2489 1628 2529 adiectivo
1657 2488 1868 2530 Pindarico
1943 2479 1945 2481 ¹

296 2557 479 2608 γελανής
491 2557 524 2597 Ρ
543 2558 602 2598 IV
620 2560 701 2600 181
718 2555 773 2615 (Ο
785 2559 824 2599 V
838 2555 884 2614 2)
903 2557 1116 2610 respondet
1133 2556 1299 2597 verbum
1316 2552 1515 2603 γελανόω
1534 2568 1585 2606 ap
1603 2555 1735 2595 Bacch
1748 2554 1787 2594 V
1799 2556 1867 2596 80.

229 2630 274 2663 35
420 2622 647 2674 Scripturae
687 2623 845 2666 ἰθύνω
884 2624 1056 2676 vestigia
1087 2621 1277 2673 'quamvis
1316 2621 1453 2661 tenuia
1494 2621 1703 2660 servarunt
1744 2620 1870 2660 scholi

299 2686 333 2727 Ο
356 2687 437 2727 VH
462 2689 516 2728 33
544 2684 643 2744 (56)
674 2686 834 2730 ἰθύνειν
863 2687 933 2729 καὶ
963 2684 1102 2736 ὁρμᾶν
1132 2680 1302 2740 (εὐθῦν’
1331 2686 1375 2726 in
1402 2698 1510 2726 carm
1533 2687 1719 2726 contextu
1742 2680 1804 2740 Β)
1829 2687 1870 2726 et

300 2751 333 2792 Ο
357 2753 457 2792 XIII
481 2755 536 2793 28
563 2749 662 2810 (38)
691 2751 822 2795 ἴθυνε.
884 2753 1092 2793 Lectiones
1121 2746 1184 2791 12²
1212 2748 1465 2801 ἠθυπομπός
1494 2751 1538 2790 in
1565 2751 1742 2803 paraphr
1763 2751 1804 2791 N
1827 2751 1870 2791 H

302 2818 326 2857 7
354 2812 421 2871 (9)
454 2820 494 2857 et
523 2816 666 2867 ἠθείας
696 2819 737 2859 Ν
760 2819 782 2858 1
809 2819 863 2858 25
895 2817 1002 2857 haud
1032 2817 1075 2856 in
1105 2829 1252 2869 magno
1280 2816 1506 2856 discrimine
1528 2829 1634 2868 pono
1658 2818 1870 2868 propterea

302 2880 407 2933 quod
436 2881 541 2922 idem
573 2883 762 2924 librarius
798 2881 824 2933 ἦ
861 2895 934 2933 pro
972 2878 1020 2922 εὖ
1058 2882 1237 2922 exaravit
1265 2882 1306 2921 N
1328 2881 1349 2920 I
1375 2882 1450 2932 323
1492 2881 1560 2922 sed
1597 2882 1639 2921 cf
1670 2882 1749 2922 lect
1777 2880 1870 2922 Med

301 2946 429 2987 Aesch
452 2946 547 2990 Pers
575 2949 679 2999 7733
707 2946 840 2988 Bacch
864 2946 940 2988 XV
965 2947 1033 2989 54.
1093 2946 1289 2988 Vocabuli
1317 2960 1423 2989 mere
1452 2948 1574 2989 ionici
1602 2948 1732 2988 forma
1763 2941 1869 2989 ἰθΰει
