2014 3360
196 941 241 973 95

199 1734 245 1767 96

200 2071 245 2104 97

204 2796 248 2829 98

266 202 326 244 44
925 200 1170 237 PINDABVS

266 314 391 355 cedas.
453 313 555 354 Sunt
589 315 725 354 tamen
761 326 862 365 quae
902 312 953 353 sd
989 314 1115 354 certas
1151 312 1343 364 quasdam
1385 312 1482 352 artis
1524 312 1607 352 sive
1648 312 1827 362 poeticae

265 381 350 426 sive,
382 379 602 420 rhetoricae
640 379 749 430 leges
782 378 1003 419 revocanda
1043 386 1141 419 esse
1171 378 1398 428 videantur,
1439 377 1550 417 velut
1590 375 1826 430 πατρῴανε

265 441 415 497 πάτρῳ
444 444 478 483 Ρ
496 443 556 483 VI
574 444 643 484 45.
666 445 737 496 46,
760 441 1031 493 κλεινότερον
1054 440 1194 493 γάμον
1215 455 1225 484 :
1244 440 1465 484 ὠκύτατον
1488 438 1626 492 γάμον
1651 442 1710 482 IX
1730 443 1827 482 112.

268 511 366 560 114,
397 506 661 558 ἀπαγέςθαιε
688 505 793 558 ἆγεν
827 510 923 550 119.
952 509 1049 559 123,
1079 507 1238 557 γλυκὺν
1267 504 1382 548 ἑλὼν
1418 504 1562 558 βίοτον
1579 519 1591 547 t
1610 504 1829 557 ἐξαίρετον

266 572 338 616 ἕλε
369 571 533 625 μόχθον
567 574 612 614 Π
637 575 704 615 26.
731 575 806 625 30,
847 570 1011 622 κάμον;
1037 570 1261 623 καμόντων
1297 572 1319 612 Ι
1351 573 1417 613 78.
1449 573 1525 623 83,
1565 569 1750 622 νομίζων
1780 569 1830 612 ἐν

265 636 562 680 Πανελλάνων
598 636 718 693 νόμῳ
755 639 777 679 Ι
805 638 848 679 Π
879 639 946 679 38.
1009 638 1085 679 Sed
1120 639 1218 678 haec
1254 638 1413 689 quidem
1447 637 1647 679 hactenus.
1707 636 1830 678 Plura

266 705 598 756 circumspicienti
627 705 823 757 imprimis
855 703 1070 745 audiendus
1098 705 1158 745 est
1187 703 1298 744 Diels
1324 703 1495 744 Pax-men
1522 697 1679 758 (1897)
1708 702 1775 743 23.

383 787 445 827 De
476 787 665 844 casibus
697 787 844 829 eisdem
872 788 916 826 in
946 787 1082 828 eodem
1112 787 1318 827 enuntiato
1346 787 1574 838 repetitis
1605 787 1698 826 sunt
1728 798 1830 837 quae

266 851 441 893 nondum
471 865 518 892 ea
549 865 628 903 qua
655 866 731 904 par
761 855 822 893 est
851 852 1057 905 diligentia
1088 853 1295 892 observata
1326 864 1410 892 esse
1440 851 1660 891 videantur.

385 929 446 969 Ao
487 930 703 983 genetivi
747 929 905 981 quidem
947 929 1115 981 duplicis
1158 929 1320 970 alterius
1361 929 1410 969 ab
1451 929 1575 969 altero
1610 928 1832 980 pendentis,

266 995 378 1035 velut
407 992 493 1035 ὑπὸ
520 991 740 1035 Κυλλάνας
771 992 911 1044 ὀρέων
941 994 1046 1046 quod
1077 994 1270 1036 edidimus
1301 994 1334 1035 Ο
1358 994 1419 1034 VI
1444 995 1514 1045 77,
1544 993 1723 1045 exempla
1752 993 1831 1034 ool-

266 1061 449 1113 legerunt
481 1059 556 1100 Gar
586 1060 746 1101 Bossler
775 1059 824 1100 de
853 1073 975 1111 praep
1014 1073 1064 1112 ap
1094 1059 1127 1099 P
1161 1072 1233 1100 usu
1266 1054 1519 1114 (Darmstadt
1551 1053 1686 1114 1862)
1724 1059 1778 1098 76
1803 1071 1832 1098 τι

268 1127 308 1166 et
332 1124 413 1166 osk
437 1124 640 1165 Erdmann
670 1125 718 1166 de
742 1125 775 1165 P
805 1138 880 1166 usu
909 1127 1002 1177 synt
1031 1119 1165 1180 (Halia
1191 1124 1270 1165 Sax
1297 1119 1432 1180 1867)
1459 1126 1534 1176 27;
1565 1124 1707 1176 quibus
1733 1122 1831 1164 adde

267 1191 398 1231 locum
437 1191 671 1231 coniecturis
709 1191 857 1232 flustra.
898 1188 1137 1242 temptatum
1179 1187 1375 1231 θεςπεςία
1412 1185 1456 1230 δ’
1493 1186 1640 1230 ἐπέων
1672 1186 1833 1238 καύχας

268 1252 393 1296 ἀοιδά
423 1257 440 1295 i
464 1268 485 1295 e
516 1253 646 1306 ὕμνος
682 1255 877 1297 θεςπέςια
913 1251 995 1306 ἔπη
1032 1250 1073 1311 (Ι
1101 1255 1284 1295 m÷rv
1315 1250 1392 1310 57)
1422 1254 1600 1304 κομπῶν
1634 1254 1675 1294 N
1704 1254 1763 1294 IX
1793 1255 1832 1306 7.

266 1321 360 1360 Alia
395 1322 499 1361 ratio
537 1323 596 1361 est
632 1334 767 1362 eorum
801 1321 1074 1374 genetivorum
1112 1322 1181 1372 qui
1221 1323 1428 1372 tamquam
1470 1316 1556 1360 ἀπὸ
1592 1319 1738 1360 κοινοῦ
1781 1318 1832 1358 ad

266 1386 373 1426 idem
408 1399 550 1426 nomen
585 1399 726 1439 regens
760 1387 978 1438 pertinent:
1013 1385 1183 1428 κλαΐδες
1213 1385 1399 1427 Πειθοῦς
1429 1381 1676 1435 φιλοτάτων
1709 1383 1744 1423 Ρ
1774 1383 1833 1423 IX

270 1452 345 1502 39,
387 1449 436 1492 ἐν
469 1448 632 1502 βάςςαις
665 1449 844 1502 Κρονίου
874 1450 1079 1493 Πέλοπος
1110 1451 1144 1492 O
1168 1451 1231 1490 m
1257 1452 1332 1502 23,
1376 1446 1547 1491 Νείλοιο
1584 1446 1693 1498 πρὸς
1729 1448 1833 1488 πῖον

267 1515 444 1565 τέμενος
477 1514 657 1566 Κρονίδα
687 1510 733 1557 Ρ
750 1517 811 1557 IV
842 1518 910 1570 56,
940 1513 1182 1558 νεόκτιςτον
1213 1513 1345 1557 λίθων
1378 1513 1539 1565 βωμοῖο
1570 1511 1702 1562 θέναρ
1735 1514 1834 1564 206,

269 1581 410 1632 quibus
441 1581 596 1623 collatis
626 1584 667 1622 et
699 1582 865 1632 βροτῶν
896 1582 1046 1633 πεῖρας
1077 1579 1265 1622 θανάτου
1296 1582 1433 1620 tueare
1464 1578 1497 1619 Ο
1527 1577 1570 1617 Π
1595 1578 1652 1618 30
1683 1579 1724 1618 et
1755 1575 1832 1618 Κυ-

270 1643 402 1696 ράνας
432 1645 591 1695 γλυκὺν
621 1643 731 1698 ἀμφὶ
759 1646 899 1688 κᾶπον
930 1642 1185 1698 Ἀφροδίτας
1214 1646 1403 1686 restituas
1433 1643 1466 1683 P
1491 1643 1531 1682 V
1556 1643 1623 1683 24.

388 1722 595 1765 Dativos
629 1724 795 1766 iteratos
829 1725 1027 1766 recensuit
1063 1722 1267 1764 Erdmann
1309 1724 1376 1763 29.
1437 1719 1583 1761 Omisit
1612 1720 1834 1777 exemplum

268 1790 410 1830 notatu
434 1788 709 1843 dignissimum
732 1787 936 1843 προξενίᾳ
960 1785 1004 1830 δ’
1029 1785 1161 1842 ἀρετᾷ
1184 1783 1228 1828 τ’
1246 1785 1381 1838 ἦλθον
1405 1781 1606 1836 τιμαορός
1632 1781 1834 1834 Ἰςθμίαιςι

269 1851 585 1904 Λαμπρομάχου
616 1852 776 1905 μίτραις
806 1854 840 1896 Ο
863 1855 923 1896 IX
948 1855 1018 1906 83,
1046 1854 1117 1894 ubi
1145 1852 1305 1906 virgula
1333 1853 1426 1903 post
1454 1846 1654 1900 τιμαορός
1683 1851 1834 1892 inserte

269 1919 487 1960 sententiae
511 1921 594 1960 vim
617 1922 658 1960 et
680 1921 966 1972 proprietatem
995 1917 1275 1971 pessumdantz
1303 1912 1538 1968 ‘hospitium
1566 1915 1834 1968 virtutemque

269 1984 465 2025 honorans
494 1984 681 2026 Isthmias
711 1984 1016 2037 Lampromachi
1045 1984 1198 2024 taenias
1228 1982 1467 2022 honoratum
1497 1977 1570 2021 eo’.

387 2061 515 2102 Venio
552 2062 602 2102 sd
644 2063 970 2103 nominativos
1012 2061 1183 2102 similem
1218 2060 1261 2099 in
1299 2057 1462 2100 modum
1501 2058 1741 2110 duplicatos:
1781 2055 1834 2099 τό

270 2121 362 2180 (scil
396 2125 447 2167 τὸ
485 2124 741 2169 κοιλόπεδον
778 2122 937 2182 νάπος)
980 2122 1057 2177 ςφ*
1089 2122 1177 2175 ἔχει
1213 2121 1510 2174 κυπαρίςςινον
1546 2122 1760 2175 μέλαθρον
1800 2124 1834 2164 P

269 2191 308 2230 V
339 2193 407 2243 39,
437 2193 579 2235 latine:
615 2189 749 2233 ‘vallis
780 2193 958 2233 eontinet
988 2192 1233 2231 armamenta
1261 2190 1334 2229 illa
1363 2189 1549 2230 thesauro
1579 2186 1835 2242 cupressino',
1880 2216 1882 2218 >

269 2258 334 2297 vel
364 2254 422 2296 ‘in
446 2258 758 2298 va1101100ntinet
787 2252 1023 2297 thesaurus&
1084 2254 1188 2302 Quid
1219 2254 1325 2306 quod
1360 2254 1462 2295 ‘dnos
1499 2254 1645 2296 diversi
1680 2256 1835 2296 numeri

270 2323 473 2375 copulatos
503 2324 727 2363 invenimus
750 2318 1045 2363 nominativos?
1083 2317 1206 2370 ὕμνοι
1231 2350 1241 2360 .
1261 2349 1270 2360 .
1290 2350 1300 2360 .
1325 2316 1437 2370 ἀρχὰ
1459 2318 1652 2361 τέλλεται
1676 2319 1711 2361 Ο
1728 2319 1789 2363 xl
1806 2321 1834 2361 4

271 2390 390 2440 atque
421 2388 607 2429 audacius
638 2389 761 2428 etiam
797 2383 924 2437 φάτις
955 2416 964 2426 .
985 2416 994 2426 .
1014 2415 1024 2426 .
1056 2382 1323 2427 ἐξαπατῶντι
1359 2385 1483 2435 μῦθοι
1518 2384 1552 2426 Ο
1582 2385 1604 2425 Ι
1635 2385 1710 2426 28ι
1750 2386 1835 2426 mid

269 2454 450 2494 maowhes
484 2453 626 2503 fc'z'lscht
659 2453 759 2493 wohl
795 2452 895 2492 auch
930 2451 1000 2491 der
1034 2450 1246 2491 Mense-hen
1280 2451 1389 2491 Rede
1425 2452 1470 2491 in
1505 2450 1835 2501 Μᾶνθιοηροεῦαῑέ

270 2519 357 2558 weit
384 2519 479 2559 aber
509 2520 572 2559 die
609 2517 811 2558 Wahrheit
843 2518 915 2556 mit
943 2516 1198 2557 schillemden
1226 2516 1367 2567 Libyen
1392 2518 1556 2567 yeziert3
1592 2528 1666 2556 neo
1699 2517 1834 2556 tamen

271 2583 504 2624 insolentius
533 2584 609 2624 hoc
640 2594 760 2633 quam
789 2578 843 2621 τὰ
873 2576 917 2621 δ’
942 2577 1089 2631 αἵματ’
1112 2578 1343 2624 ἐκποθένθ’
1375 2578 1461 2622 ὑπὸ
1487 2578 1642 2631 χθονὸς
1666 2580 1835 2631 τροφοῦ

270 2645 387 2688 τίτας
417 2646 557 2702 φόνος
587 2645 782 2696 πέπηγεν
813 2643 866 2687 οὐ
897 2643 1128 2697 διαρρύδαν
1157 2646 1286 2688 Aeseh
1317 2646 1469 2697 ehoeph
1500 2646 1555 2685 66
1597 2646 1669 2684 aut
1702 2643 1754 2685 τὸ
1785 2643 1833 2685 δὲ

271 2711 587 2761 καταςτέγαςμα
615 2709 693 2760 τῆς
723 2707 889 2762 ὀροφῆς
919 2708 1051 2752 ἄλλος
1081 2709 1284 2752 ἐπίκειται
1315 2709 1433 2752 λίθος
1462 2709 1598 2750 Herod
1626 2709 1669 2748 H
1701 2709 1799 2751 155.

390 2788 674 2829 Accusativi
702 2786 872 2839 duplicis
901 2789 936 2829 is
966 2800 1060 2829 usus
1090 2790 1152 2829 est
1180 2788 1424 2838 tritissimus,
1454 2799 1532 2838 quo
1562 2786 1640 2827 duo
1670 2786 1837 2838 obiecta,

274 2850 376 2894 καθ’ι
402 2851 510 2894 ὅλον
539 2850 609 2894 καὶ
635 2849 747 2898 κατὰ
775 2852 915 2906 μέρος,
944 2854 1150 2905 personale
1173 2854 1292 2904 reale,
1323 2853 1527 2893 eiternum
1549 2853 1749 2893 internum
1773 2865 1835 2894 oo-

273 2918 405 2971 pulari
433 2917 635 2968 dicuntur-3
671 2917 714 2957 in
744 2918 888 2968 quibus
916 2931 1036 2970 quam
1064 2918 1182 2959 facile
1211 2918 1316 2959 false
1345 2917 1540 2971 qmdam
1574 2918 1834 2971 appositionis
