2014 3360
273 203 333 248 56
937 203 1184 240 PmDARvs
1231 254 1233 256 Ι

274 316 376 357 vm
407 311 484 373 75)
514 318 556 357 et
585 312 779 357 ἐπινίκιοι
814 310 937 371 (Pind
967 316 1008 356 N
1036 308 1097 356 IV
1122 311 1199 374 78)
1229 318 1472 368 usurpantur
1502 331 1526 357 a
1556 318 1845 370 grammaticis3

275 381 350 423 sed·
374 384 436 431 est
465 379 645 422 ἑπίνικοι
675 382 719 421 in
748 381 834 422 vita
854 381 1139 432 Ambrosiana,
1168 383 1256 422 tum
1285 383 1329 422 in
1359 382 1485 423 scholl
1515 383 1680 434 Didymi
1708 383 1749 423 N
1765 383 1788 422 Ι
1809 386 1847 434 7,

273 448 379 488 insci·
406 447 447 487 N
475 447 547 497 XI,
577 446 747 498 denique
776 445 894 487 Pmcl
925 446 1121 487 chrestom
1152 448 1251 498 246,
1273 448 1327 487 14
1346 447 1417 498 W,
1447 445 1628 489 ἐπινίκια
1653 444 1848 502 [Bacchyl

274 512 318 561 II
349 510 423 564 13]
463 512 568 563 quod
603 511 710 553 idem
739 511 904 553 Proclus
933 514 1114 564 praestat
1144 513 1243 563 243,
1265 514 1321 553 20
1338 512 1394 565 W
1422 507 1464 567 (c
1493 513 1623 554 Aesch
1651 513 1718 566 Ag
1749 515 1847 565 174,

273 579 380 619 inscr
413 578 533 619 boeot
568 589 658 635 saec
692 574 822 631 msH
859 578 965 628 503,
992 579 1047 618 25
1088 572 1249 633 Collitz)
1290 578 1335 617 in
1377 578 1537 619 scholiis
1579 591 1659 618 non
1701 579 1845 619 inveni.

274 642 413 684 Dativi
440 638 795 693 Ὀλυμπιονίκαις,
825 640 1100 684 Πυθιονῖκαι(
1119 673 1129 682 .
1150 673 1159 682 .
1179 672 1215 693 .,
1245 655 1343 694 quos
1371 642 1612 683 Callimacho
1644 637 1777 685 deberi
1799 656 1847 684 ex

275 708 439 749 Herodn
468 707 511 747 Π
543 709 642 759 663,
662 709 717 748 18
736 707 771 748 L
808 707 971 761 collegit
999 707 1134 760 Bergk
1165 708 1215 747 ad
1247 707 1332 748 Sim
1360 709 1398 748 fr
1423 711 1468 759 5,
1506 709 1685 749 codicum
1714 706 1846 750 aucto-

274 775 396 815 ritate
434 787 515 814 non
545 776 699 814 carent:
735 774 849 814 πινδ.
875 769 986 814 enit.
1023 770 1342 823 ὀλυμπιονίκαις
1377 775 1421 813 in
1456 775 1563 814 inscr
1598 786 1746 815 carmm
1781 773 1848 815 011

277 839 378 880 codd
407 839 554 879 Ambrr
584 833 816 894 (GFKN),
851 838 966 879 πινδ.
997 835 1105 879 ἐπίν.
1137 836 1400 888 νεμεονίκαις
1430 840 1473 878 in
1503 839 1639 880 subscr
1667 840 1772 880 Nem
1793 841 1848 881 D.

276 905 526 958 Quamquam
562 906 784 957 antiquitus
819 906 903 945 iam
941 905 1068 945 altera
1107 917 1231 955 eaque
1270 904 1428 944 facilior
1468 906 1511 945 et
1550 904 1741 945 laudandi
1781 900 1850 961 (ἐκ

274 971 364 1012 τῶν
396 969 636 1021 Σιμωνίδου
673 969 923 1020 τεθρίππων
954 970 1064 1010 schol
1092 970 1153 1010 Ar
1182 983 1260 1021 equ
1290 970 1396 1021 405,
1434 969 1481 1010 Σ.
1513 967 1561 1010 ἓν
1593 967 1850 1012 πεντάθλοις

275 1037 390 1078 Bekk
408 1036 474 1076 An
491 1036 513 1076 1
533 1037 632 1088 377,
652 1038 721 1087 27,
743 1033 868 1077 Πίνδ.
888 1034 937 1077 ἐν
961 1032 1316 1084 Ὀλυμπιονίκαις,
1339 1032 1387 1075 ἐν
1408 1033 1683 1077 Πυθιονίκαις
1700 1037 1850 1088 passim

276 1102 382 1154 apud
419 1102 652 1144 scholiastes
682 1101 866 1152 Pindari,
903 1101 1010 1153 apud
1039 1100 1328 1150 Herodianum,
1366 1100 1471 1152 apud
1504 1096 1773 1158 Athenaeum)
1809 1103 1851 1143 et

274 1167 515 1209 inscribendi
552 1169 657 1208 ratio
694 1167 852 1208 videtur
886 1167 1174 1218 percrebuisse:
1210 1161 1531 1215 Ὀλυμπιονῖκαι
1567 1168 1672 1208 inscr
1703 1179 1851 1207 carmm

275 1233 342 1274 011
372 1234 425 1284 Ε,
455 1234 591 1274 subscr
620 1233 674 1285 B,
703 1232 808 1272 unde
840 1230 978 1272 -νίκας
1008 1231 1094 1271 vita
1125 1230 1340 1270 Thomana.
1400 1231 1493 1272 Non
1530 1233 1614 1273 sine
1651 1233 1850 1286 elegantia

274 1300 401 1352 igitur
430 1298 728 1351 Olympionicas
759 1297 943 1338 dixerunt
972 1309 1046 1348 pro
1071 1297 1311 1336 carminibus
1335 1297 1377 1335 in
1401 1296 1698 1349 Olympionicas
1721 1299 1850 1340 facfis.

281 1364 505 1418 Singularis
535 1377 722 1404 numerus
752 1364 823 1403 ubi
853 1363 1036 1412 occurrit,
1065 1362 1178 1402 velut
1201 1359 1323 1402 Πίνδ.
1350 1358 1650 1416 Ὀλυμπιονίκῃ
1681 1360 1754 1416 <ς’
1773 1364 1851 1405 add

276 1421 439 1485 Bergk>
468 1429 632 1470 Antiatt
666 1429 781 1469 Bekk
818 1428 885 1468 An
914 1427 936 1467 I
967 1429 1037 1478 90,
1056 1427 1125 1477 23,
1158 1428 1293 1466 utrum
1321 1427 1449 1467 victor
1478 1428 1767 1482 intellegendus
1798 1431 1852 1471 sit

280 1490 355 1550 (cll
377 1493 501 1536 Πίνδ.
520 1490 798 1547 Ἀγηςιδάμῳ,
823 1488 1190 1545 Ἀριςτοκλεί<δῃ>
1208 1492 1293 1532 ΕΜ
1310 1492 1409 1543 685,
1425 1494 1493 1534 10.
1520 1494 1619 1545 818,
1634 1496 1702 1546 13,
1726 1494 1852 1537 τέλος

279 1558 573 1611 Ἀγηςιδάμου,
604 1555 898 1610 Ἐργοτέλους,
930 1555 1223 1608 Ξενοφῶντος
1255 1557 1310 1597 all
1339 1558 1383 1599 in
1405 1557 1510 1598 Pind
1540 1554 1659 1616 codd)
1690 1573 1742 1600 an
1767 1573 1849 1601 car-

277 1639 370 1667 men
395 1624 710 1667 subaudiendum
734 1618 807 1679 (cll
829 1619 1085 1674 Νεμεονίκης
1110 1617 1241 1676 [ᾠδή]
1267 1622 1375 1663 schol
1399 1624 1506 1664 inscr
1528 1625 1569 1665 N
1585 1625 1644 1666 XI
1665 1639 1692 1678 p
1711 1627 1809 1677 333,
1824 1627 1848 1667 1

279 1692 356 1743 Ab,
388 1687 717 1741 Ὀλυμπιονίκας
744 1686 888 1738 ὕμνος,
919 1687 1061 1738 κῶμος
1093 1701 1143 1739 ap
1174 1683 1296 1744 Pind)
1326 1689 1522 1730 incertum
1551 1692 1623 1731 est.
1671 1691 1852 1743 Denique

279 1770 329 1797 ne
361 1754 459 1808 quid
488 1755 692 1796 omittam
730 1754 894 1795 tertiam
922 1753 1093 1794 formam
1122 1752 1242 1794 habes
1276 1751 1473 1796 ὑπόθεςις
1502 1755 1592 1797 τῶν
1621 1751 1851 1808 Ὀλυμπιο-

278 1819 408 1863 νίκων
438 1818 497 1871 Α,
525 1818 652 1861 τέλος
682 1817 805 1861 Πινδ.
837 1815 1177 1868 Ὀλυμπιονίκων
1206 1818 1294 1859 Da
1324 1812 1390 1873 (ut
1419 1817 1674 1862 Πυθιόνικος
1699 1819 1847 1873 ὕμνων

279 1882 507 1937 θηςαυρός,
545 1881 804 1926 Πυθιόνικος
839 1880 939 1934 τιμά
977 1882 1083 1936 apud
1113 1879 1367 1940 Pindarum);
1403 1887 1605 1936 quartam:
1641 1883 1852 1937 Ὀλύμπια

278 1949 337 2003 Α,
374 1947 482 2001 ἀρχὴ
519 1947 697 1992 Πυθίων
734 1950 787 2001 D,
827 1945 1036 1998 ὑπόθεςις,
1071 1947 1197 1989 τέλος
1233 1947 1409 1990 Πυθίων
1439 1950 1498 2002 Β,
1535 1964 1655 2003 quam
1693 1952 1852 2004 quidem

279 2018 449 2058 formam
490 2029 644 2067 semper
688 2015 886 2068 pluralem
926 2027 1135 2055 numerum
1171 2027 1268 2066 prae
1306 2027 1348 2056 se
1386 2016 1488 2057 ferre
1527 2029 1607 2058 non
1647 2020 1708 2059 est
1747 2017 1854 2071 quod
1892 2061 1894 2064 ,

279 2095 432 2123 mirere,

402 2183 633 2225 Garminum
662 2183 774 2223 tituli
805 2181 964 2234 saepius
993 2181 1037 2220 in
1067 2179 1266 2222 codicibus
1296 2182 1432 2224 omissi
1455 2185 1550 2225 sunt
1572 2184 1703 2236 spatio
1727 2197 1853 2226 vacuo

282 2249 490 2290 interiecto
521 2248 707 2289 videlicet
743 2251 790 2288 ut
824 2249 917 2299 post
942 2246 1168 2287 confectam
1197 2247 1415 2288 carminum
1444 2249 1700 2301 scriptionem
1728 2250 1853 2291 minio

284 2313 534 2364 adderentur,
558 2313 664 2365 quod
689 2314 804 2355 obliti
829 2314 924 2354 sunt
947 2312 1103 2352 librarii
1125 2311 1238 2352 velut
1259 2313 1303 2353 in
1327 2313 1401 2354 cod
1422 2314 1465 2354 D
1490 2314 1541 2355 ad
1563 2314 1596 2355 P
1614 2316 1662 2356 X.
1681 2315 1852 2356 XLXH.

283 2378 560 2431 Olympiorum
595 2380 794 2431 primique
831 2378 1017 2419 carminis
1047 2378 1324 2431 inscriptiones
1353 2392 1434 2420 una
1464 2392 1553 2421 cum
1581 2381 1721 2434 primis
1750 2381 1853 2422 mul-

282 2447 415 2485 torum
451 2444 630 2486 codicum
671 2446 781 2486 foliis
810 2445 1059 2486 interierunt.

932 2579 1211 2622 OLYMPIA

356 2670 390 2711 Ο
421 2671 442 2711 Ι
497 2668 655 2722 Ἱέρωνι
686 2667 961 2724 Συρακουςίῳ
992 2668 1134 2720 κέλητι
1167 2667 1333 2721 GEQV
1363 2664 1628 2726 (Συρακοςίψ
1659 2671 1734 2713 edd
1763 2675 1856 2725 post

498 2732 775 2793 Boeckhium).
802 2758 859 2765 —
885 2734 1096 2786 νικήςαντι
1124 2727 1244 2788 ἵππῳ
1269 2733 1411 2786 κέλητι
1440 2734 1519 2786 τὴν
1549 2731 1616 2785 ογ’
1646 2734 1711 2778 ὀλ.
1741 2737 1768 2789 ἢ
1794 2735 1855 2779 ὡς

499 2798 606 2843 ἔνιοι
631 2800 783 2853 ἅρματι
808 2799 914 2854 ΑΕ,
944 2813 1011 2842 om
1036 2800 1078 2841 Ο.
1128 2796 1154 2840 ὁ
1184 2797 1233 2840 δὲ
1264 2796 1394 2841 αὐτὸς
1423 2801 1518 2854 νικᾷ
1549 2798 1637 2854 (καὶ
1665 2797 1765 2858 τὴν)
1793 2798 1855 2846 οῖ’

500 2863 565 2907 ὀλ.
596 2866 753 2919 κέλητι,
781 2859 861 2918 τὴν
890 2865 939 2908 δὲ
971 2861 1038 2918 οη’
1069 2862 1134 2907 ὀλ.
1158 2862 1379 2919 τεθρίππῳ
1402 2863 1501 2916 ΔΕ,
1531 2863 1581 2907 ἐν
1609 2863 1636 2920 ᾗ
1667 2862 1731 2908 ὀλ.
1763 2865 1854 2910 ἑτε·

498 2929 630 2973 λεύτα
652 2931 784 2973 ΑΓΚ.
834 2930 987 2984 ςυνέβη
1013 2930 1062 2973 δὲ
1088 2927 1222 2972 αὐτὸν
1245 2928 1471 2982 νικήςαντα
1496 2928 1565 2972 καὶ
1587 2929 1668 2984 τὴν
1692 2926 1758 2984 οη’
1787 2928 1853 2975 ὀλ.
