2014 3360
279 189 366 231 390
796 186 998 222 PINDARI
1022 185 1326 231 FRAGMENTA

275 295 402 330 I'VIII
434 293 575 340 legitur
614 293 652 328 in
684 292 754 328 cod
779 293 819 329 D
857 293 908 329 fol
935 296 1011 338 MV,
1042 287 1163 338 n'eque
1196 303 1363 337 unquam
1394 292 1504 339 plura
1537 292 1723 329 continuit
1746 292 1844 329 liber

275 342 375 388 (Phil
401 345 459 387 54,
486 345 591 384 1895,
619 344 705 385 281ς
744 341 789 376 de
823 340 892 376 cod
918 341 954 376 Β
980 340 1027 375 ad
1052 339 1069 375 Ι
1093 339 1202 386 Vm).
1252 339 1469 375 Hauserunt
1499 339 1586 375 inde
1617 351 1692 376 non
1723 339 1844 376 solum

277 389 438 482 ἓὲᾱίἳοὸἰί)
458 388 695 435 apographa,
734 399 860 423 verum
898 389 1077 432 quattuor
1113 386 1229 422 etiam
1260 386 1481 433 interpolati
1511 387 1572 433 (de
1597 387 1733 433 quibus
1759 387 1845 423 Phil

325 466 334 482 ’
398 466 582 541 Stiophae
607 504 733 529 versus
760 493 920 530 traditos
952 494 1029 529 fere
1059 493 1216 529 retinuit
1240 493 1431 529 Hermann
1462 494 1574 548 <Acta
1596 493 1731 540 philon
1755 494 1845 530 Mon

262 543 310 625 ῘΒ,
332 546 438 624 1811‘2,
464 546 534 577 316
560 543 599 578 et
624 541 725 587 apud
750 541 900 577 Boeckh
925 554 950 577 n
976 553 1015 577 cr
1039 543 1134 587 578),
1160 543 1245 577 octo
1271 551 1352 576 esse
1378 540 1496 577 voluit
1513 541 1676 586 Boeekh,
1701 543 1845 588 septem

313 600 380 637 erg
409 619 417 627 .

408 684 429 720 1
457 684 598 720 κλεινὸς
622 684 688 728 μὲν
713 682 903 719 Hermann
1022 685 1086 719 ςὺν
1111 686 1186 719 θεῶ
1212 685 1251 719 et
1275 684 1358 719 αῖςα
1382 683 1468 728 cod,
1490 685 1553 719 ςὺν
1578 686 1667 720 θεοῦ
1692 704 1737 711 -
1763 684 1846 728 αἴςᾳ

278 731 489 777 Hermann,
525 732 590 768 ςὺν
626 734 724 767 θεῶν
750 752 794 757 -—
820 731 899 778 αἴςᾳ
936 730 1104 775 Boeekh3
1143 730 1190 766 de
1226 732 1346 766 metro
1384 731 1424 766 ef
1444 735 1467 766 4
1504 731 1585 766 exssr
1621 732 1661 767 ef.
1696 731 1845 777 append

285 783 306 823 ς
331 778 407 815 8‘M
547 777 572 814 2
598 779 775 821 ἑκτὴςατο
807 778 893 823 cod,
927 779 1112 814 ἐκτίςςατο
1149 778 1203 824 (in
1241 789 1369 814 versus
1405 777 1530 824 initio)
1561 778 1752 814 Hermann

281 826 306 862 9
343 830 422 862 τῶν
460 827 525 869 μὲν
562 825 751 860 Hermann
788 825 1011 872 (Bergk2—4)
1054 837 1129 863 non
1173 825 1399 862 oboediensse
1434 825 1643 872 Boeofflo,
1684 827 1745 862 τοὶ
1780 827 1847 871 μὲν

281 873 425 920 Bergk²
462 872 664 920 (Hartung)

400 932 537 979 Fragm
564 935 632 967 190
657 932 760 979 [199]
785 931 858 967 huo
884 931 1042 968 vocabat
1066 931 1226 968 Boeckh.

932 1149 971 1191 2.
1002 1146 1062 1192 *3
1093 1146 1194 1206 (26)

659 1263 984 1309 ΚΑΣΜΤΛΩΙ
1015 1265 1216 1310 Pomm
1246 1262 1477 1309 ΠΤΚΤΗῙ

567 1434 1573 1455 υυυυυυυυυυυυυυυυυυυυυ

357 1527 382 1569 ὁ
413 1527 453 1569 δ’
482 1527 645 1570 ἐθέλων
674 1541 721 1571 τε
754 1528 821 1570 καὶ
851 1527 1089 1581 δυνάμενος
1119 1527 1230 1582 ἁβρὰ
1259 1529 1438 1580 πάςχειν

356 1598 452 1654 τὰν,
467 1597 693 1652 Ἀγαμήδεῑ
722 1599 961 1655 Τρεφωνίῳ
991 1598 1031 1642 θ’
1058 1599 1345 1653 Ἑκαταβόλου
1376 1613 1473 1652 ςυμ-

1067 1669 1244 1723 βουλίαν
1275 1670 1422 1724 λαβών

403 1844 515 1880 Sohol
533 1844 675 1881 Lucian
695 1844 775 1881 dial
800 1846 899 1881 mort
916 1845 968 1880 HI
993 1855 1013 1880 e
1038 1845 1108 1881 cod
1127 1844 1204 1880 vat
1228 1844 1311 1891 (Pal
1332 1846 1390 1891 73)
1415 1844 1601 1892 protraxit
1617 1845 1702 1888 Em
1719 1824 1852 1883 Rehde

285 1891 372 1927 Phil
390 1895 448 1936 35,
475 1895 579 1938 1876,
606 1896 692 1930 199:
734 1896 874 1929 τοῦτον
904 1894 977 1938 γὰρ
1006 1894 1076 1928 τὸν
1100 1894 1323 1938 Τροφώνιον
1353 1895 1413 1929 καὶ
1442 1894 1511 1929 τὸν
1535 1894 1647 1930 ἄλλον
1672 1895 1852 1939 μέμνηται

285 1941 326 1975 ἐν
363 1944 409 1985 τῇ
448 1940 528 1986 ὠδῇ
565 1944 644 1977 τῶν
683 1942 924 1984 Ἰςθμιονικῶν
960 1944 1008 1985 τῇ
1047 1940 1097 1976 εἰς
1135 1941 1324 1984 Καςμὺλον
1359 1941 1558 1986 (κάςμηλον
1592 1940 1677 1988 cod)
1708 1942 1851 1978 Ῥόδιον
1918 1961 1920 1963 v

285 1988 446 2032 πύκτην,
478 1987 610 2032 ἱςτορεῑ
641 1989 683 2024 δὲ
714 1989 836 2023 οὕτως
861 1985 1018 2034 (Bergk,
1050 1989 1161 2023 οὗτος
1192 1986 1294 2032 οοᾱ)·
1335 1988 1356 2023 ὁ
1387 1989 1427 2024 δὲ
1451 1989 1571 2025 θέλων
1594 1999 1636 2024 τε
1661 1991 1737 2025 κτλ.
1764 1990 1785 2025 ὁ
1810 1989 1852 2025 δὲ

286 2036 356 2077 τὴν
380 2036 462 2079 περὶ
486 2038 607 2072 ταῦτα
640 2036 867 2080 μετάφραςιν
892 2034 1049 2080 (Bergk,
1085 2035 1219 2079 φράςιν
1251 2034 1346 2080 eod.)
1378 2036 1555 2072 ςυντάξας
1585 2035 1682 2079 λέγει
1712 2037 1850 2072 οὕτως·

288 2081 432 2127 reliqua
455 2081 746 2126 intercidemnt3
784 2082 919 2126 ἱςτορεί
958 2083 996 2117 et
1026 2082 1123 2123 λέγει
1153 2081 1253 2117 inter
1277 2093 1317 2117 se
1348 2082 1553 2128 permutari
1577 2082 1685 2119 iubet
1708 2082 1852 2129 Bergk⁴

288 2129 438 2164 addend
467 2133 557 2173 485,
593 2129 704 2165 male.
754 2128 810 2164 De
847 2128 1020 2174 Casmylo
1051 2127 1247 2175 Euagorae
1284 2129 1361 2165 filio
1397 2129 1527 2177 pugile
1561 2129 1709 2167 Rhodio
1745 2129 1852 2167 testi-

286 2176 453 2212 monium
478 2176 735 2213 Simonideum
759 2178 844 2222 (154
859 2175 921 2222 13⁴)
947 2175 1080 2211 attulit
1104 2175 1236 2212 Rohde
1355 2177 1377 2213 1
1405 2178 1439 2214 δ’
1462 2179 1601 2215 ἐθέλων
1624 2177 1758 2214 Rohde
1832 2213 1836 2217 .

287 2223 311 2259 2
338 2225 534 2268 Ἀγαμήδει
563 2236 607 2260 τε
638 2226 678 2260 eb
706 2226 831 2267 λαβὼν
863 2223 1083 2266 ςυμβουλίαν
1114 2223 1171 2259 vel
1198 2224 1246 2260 (ὺ
1278 2225 1313 2260 δ’
1337 2225 1474 2261 ἐθέλων
1501 2253 1509 2261 .
1535 2253 1543 2262 .
1571 2254 1579 2262 .
1604 2226 1721 2269 λάβον
1749 2227 1850 2268 ςυμβ.

285 2271 428 2318 Bergk,
460 2271 537 2307 alia
561 2271 663 2307 idem
690 2270 765 2306 add
790 2274 871 2307 485.
921 2269 977 2306 De
1001 2269 1162 2306 nominis
1188 2273 1406 2317 Τρεφώνιος
1435 2271 1636 2309 vocalismo
1666 2271 1742 2319 prll
1770 2272 1850 2308 115⁶.

405 2378 437 2425 (⁸¹
445 2380 480 2424 3)
506 2377 596 2414 Plut
614 2377 742 2414 consol
761 2377 811 2412 ad
824 2376 937 2425 Apoll
955 2387 975 2412 c
992 2380 1035 2412 14
1053 2389 1079 2423 p
1095 2379 1271 2421 maz-Koa
1282 2381 1365 2424 περὶ
1380 2379 1613 2425 Ἀγαμήδους
1629 2379 1670 2415 δὲ
1687 2380 1748 2414 καὶ
1760 2380 1852 2424 Τρο-

286 2426 433 2470 φωνίου
453 2428 542 2471 φηςὶ
553 2425 754 2470 Πίνδαρος,
773 2425 843 2461 τὸν
859 2426 958 2461 νεὼν
969 2425 1038 2461 ’τὸν
1056 2427 1097 2461 ἐν
1110 2427 1276 2471 Δελφοῖς
1294 2426 1607 2472 οἰκοδομήςανιάς
1619 2425 1735 2462 αἰτεῖν
1750 2427 1853 2471 παρὰ

286 2477 355 2509 τοῦ
382 2474 617 2510 ’Λπόλλωνος
651 2472 793 2518 μιςθόν,
827 2472 896 2508 τὸν
927 2473 974 2507 δ’·
985 2474 1111 2509 αὐτοῖς
1140 2473 1432 2518 ἑπαγγείλαςθαι“
1451 2473 1503 2510 εἰς
1526 2473 1687 2517 ἑβδόμην
1710 2474 1853 2518 ἡμέραν

287 2520 512 2564 ἀποδώςειν,
554 2521 597 2555 ἑν
637 2520 805 2565 τοςοὺτῳ
842 2521 878 2555 δ’
914 2520 1178 2564 εὐωχεῑςθαι
1214 2522 1647 2566 παρακελεὺςαςθαι,
1682 2521 1853 2556 τοὺς.δὲ

286 2568 510 2612 ποιήςαντας
540 2567 587 2602 τὸ
617 2568 846 2611 προςταχθὲν
876 2571 923 2612 τῇ
955 2569 1092 2614 ἑβδόμῃ
1123 2570 1228 2604 νυκτὶ
1259 2567 1599 2612 κατακοιμηθέντα(
1627 2569 1852 2612 τελευτῆςαι.

288 2615 455 2660 (Λέγεται
492 2614 535 2649 δὲ
572 2615 632 2649 καὶ
675 2614 778 2660 αὐτῷ
816 2614 993 2660 Πινδάρῳ
1031 2616 1275 2660 ἑπιςκήψαντι
1306 2619 1385 2651 τοίς
1425 2615 1526 2658 παρὰ
1561 2618 1640 2650 τῶν
1677 2615 1853 2650 Βοιωτῶν

287 2664 501 2706 πεμφθεῑςιν
533 2659 584 2696 εἰς
614 2663 703 2697 θεοῦ
731 2662 943 2707 πυθέςθαιξ
967 2662 1010 2707 τί
1046 2664 1228 2707 ἄριςτόν
1267 2664 1384 2698 ἐςτιν
1420 2662 1682 2706 ἀνθρώποις
1717 2661 1772 2707 (ef
1798 2660 1854 2698 vit

288 2708 436 2754 mbr),
478 2706 743 2752 ἀποκρίναςθαι
777 2710 849 2754 τὴν
890 2710 1114 2755 πρόμαντιν,
1153 2711 1211 2746 δτι
1248 2710 1328 2746 οὐδ’
1364 2709 1478 2745 αὐτὸς
1514 2709 1657 2752 ἀγνοεῖ,
1693 2709 1770 2753 εἴγε
1804 2709 1855 2745 τὰ

288 2757 483 2800 γραφέντα
507 2757 590 2800 περὶ
614 2755 838 2800 Τροφωνίου
864 2759 923 2793 καὶ
949 2757 1180 2802 Ἀγαμήδους
1204 2756 1347 2792 ἐκείνου
1373 2756 1484 2792 ἐςτίν·
1517 2755 1547 2791 εἰ
1573 2756 1613 2791 δὲ
1646 2757 1705 2791 καὶ
1729 2767 1853 2801 πειρα-

281 2806 397 2847 θῆναι
422 2803 604 2846 βούλεται,
629 2803 709 2846 μετ’
726 2804 772 2839 οὐ
796 2806 891 2842 πολὺ
917 2805 1055 2841 ἔςεςθαι
1074 2805 1178 2849 αὐτῷ
1197 2804 1398 2848 πρόδηλον.
1441 2803 1502 2838 καὶ
1520 2803 1621 2838 οὕτω
1642 2804 1853 2847 πυθόμενον

287 2851 358 2886 τὸν
384 2849 575 2893 Πίνδαρον
611 2850 878 2893 ςυλλογιζεςθαι
913 2852 961 2887 τὰ
991 2852 1084 2895 πρὸς
1113 2851 1181 2886 τὸν
1213 2852 1393 2895 θάνατον,
1425 2850 1634 2886 διελθόντος
1665 2851 1699 2886 δ’
1723 2850 1851 2895 ὀλίγου

288 2897 426 2942 χρρνου
451 2898 742 2943 τελε-υτῆςαι).
792 2897 1060 2944 Fragmentum
1084 2896 1214 2934 sssatim
1238 2897 1312 2933 hue
1336 2896 1483 2934 vocavit
1506 2896 1648 2934 Rohde.
