2014 3360
756 219 1129 258 PnonneounNA
1153 220 1188 256 11
1709 222 1768 265 43

183 334 264 375 vn
295 336 336 386 8,
365 334 497 376 κᾶδος
527 331 730 385 θήκαςθαι
760 333 820 374 IV
846 335 944 375 113.
1006 333 1112 385 Quid
1141 347 1236 375 vero
1268 334 1374 386 quod
1405 348 1485 375 non
1514 348 1606 384 raro
1640 336 1769 376 utitur

183 401 328 452 aofivo,
363 401 434 442 ubi
462 402 510 441 tu
540 401 664 441 attioo
694 412 772 441 usu
802 402 983 441 assuetus
1014 399 1191 441 medium
1221 402 1531 453 exspectaveris:
1574 399 1768 452 δρέπειν·

184 462 279 508 ἀντὶ
309 466 390 508 τοῦ
421 464 649 517 δρέπεςθαι
679 467 848 518 passim,
886 464 1109 516 ἑδώρηςαν
1140 463 1338 518 (κάρυκα·
1369 462 1465 508 ἀντὶ
1495 466 1574 508 τοῦ
1605 464 1767 517 ἐδωρή-

183 542 314 573 ςαντο
344 532 408 585 τῷ
439 530 586 583 κήρυκι
617 526 747 587 sohol)
778 531 812 573 Ο
843 532 904 572 VI
936 533 1011 584 78,
1049 530 1362 581 ἐπαγγέλλοντι
1403 528 1537 586 (-νται
1573 528 1769 589 paraphr)

181 597 216 638 Ρ
246 598 307 638 IV
339 599 415 649 31,
458 595 678 639 ἐπέδειξεν
716 598 758 638 N
793 597 853 638 XI
886 599 961 649 14,
1003 597 1111 639 idem
1151 598 1321 639 fortasse
1364 592 1496 654 (libris
1537 611 1559 638 c
1593 599 1771 651 paraphr

182 663 359 704 medinm
387 658 739 720 praeoptantibus)
769 663 803 703 P
834 663 895 703 IV
920 665 1020 715 253,
1051 660 1259 714 ἀναδῆςαι
1288 661 1427 715 κόμαν
1456 664 1490 704 Ρ
1515 665 1552 705 Χ
1576 665 1648 716 40,
1677 663 1770 715 τρέ-

183 740 262 780 ψαι
294 729 328 771 0
352 729 411 770 lx
439 731 507 781 72,
537 727 724 779 κομίζειν
755 729 790 770 0
814 729 916 770 xm
942 730 1012 781 59,
1042 729 1075 769 Ρ
1100 729 1162 769 IV
1188 730 1286 781 106,
1317 730 1357 770 N
1380 729 1423 770 H
1450 732 1519 781 19,
1550 726 1770 780 ἀγκομίςαι

182 789 380 851 (-μίςαιθ·’
411 790 524 851 libri)
554 795 587 836 P
618 795 679 835 IV
710 797 750 847 9,
781 794 933 846 φέρειν
963 795 996 835 Ρ
1022 795 1124 835 VIII
1150 797 1220 847 38,
1250 793 1447 837 ἐκκαλεῖν
1477 796 1518 836 N
1547 795 1569 835 Ι
1601 798 1671 848 60,
1701 797 1767 837 κε-

182 860 327 911 φαλᾶς
361 860 510 912 βαλεῖν
539 857 808 915 (ἀπώςαςθαι
837 857 1034 918 paraphr)
1066 861 1101 903 Ο
1131 861 1154 902 I
1186 862 1255 914 58,
1292 858 1442 912 ἔῤῥιψε
1475 856 1768 917 (ἀπεςείςατο)

182 927 204 967 Ι
234 926 315 966 VII
345 928 415 967 44.
475 927 592 968 Unde
629 923 655 968 ὅ
688 938 789 978 ςφιν
820 924 869 968 ἐν
907 924 1056 982 πόντῳ
1096 924 1227 979 βάλεν.
1263 924 1431 968 ἁλικίαν
1469 940 1560 968 cum
1594 928 1771 980 paraphr

183 991 299 1034 edere
330 1006 412 1035 non
442 984 625 1034 dubitavi
657 993 691 1034 P
718 993 740 1034 I
767 994 823 1035 74
858 989 928 1034 ell'
945 991 1158 1044 πρύμναις
1188 991 1392 1044 Τήλεφος
1425 990 1610 1045 ἔμβαλεν
1650 993 1684 1035 O
1711 993 1771 1034 1x

103 1102 106 1104 Α
185 1059 262 1110 72,
297 1056 368 1108 ἐπὶ
399 1055 546 1110 χώρας
576 1056 695 1101 αὖτις
727 1056 840 1100 ἕςςαι
879 1059 913 1100 Ρ
944 1058 1005 1104 IV
1035 1061 1134 1100 273.
1195 1060 1281 1100 Nee
1310 1059 1410 1100 mihi
1439 1061 1640 1112 persuasit
1669 1059 1770 1101 Her-

182 1130 353 1167 mannus
389 1122 444 1166 τὰ
474 1122 596 1168 καλὰ,
623 1122 731 1176 ἔργα
769 1125 904 1167 dioens
945 1119 1139 1176 εὑρέςθαι
1180 1121 1341 1166 ἄποινα
1380 1122 1557 1176 μόχθων
1597 1125 1771 1167 κλυταῖς

183 1188 328 1234 ἐπέων
365 1187 534 1233 ἀοιδαῖς
569 1191 610 1231 N
640 1191 722 1231 VII
755 1193 822 1233 16.
884 1191 1068 1244 Denique
1106 1191 1155 1232 de
1193 1204 1331 1232 eorum
1367 1193 1567 1232 sententia
1598 1193 1668 1244 qui
1698 1190 1771 1243 θήν

183 1250 331 1297 ςονται
355 1252 577 1298 ἀθάνατον
600 1257 635 1298 Ρ
659 1257 718 1298 IX
739 1258 795 1298 63
828 1260 900 1298 aut
925 1255 1128 1299 θέςςαντο
1154 1258 1195 1298 N
1219 1257 1259 1296 V
1285 1259 1342 1298 10
1367 1257 1418 1298 ad
1442 1258 1609 1298 verbum
1633 1255 1772 1308 τίθημι

182 1324 374 1364 revocant
403 1323 500 1375 quid
530 1323 646 1365 nobis
675 1323 935 1364 iudicandum
966 1324 1020 1365 sit
1049 1326 1191 1376 sponte
1224 1325 1402 1376 apparet.
1452 1323 1513 1364 De
1537 1323 1673 1365 medio
1694 1337 1722 1376 q
1744 1337 1772 1365 v

183 1388 396 1440 dynamieo
428 1388 479 1429 ad
508 1389 531 1428 Ι
559 1389 582 1429 Ι
607 1391 677 1430 59.

268 1454 371 1506 ⁴De
413 1456 612 1496 iteratis
656 1455 780 1508 apud
823 1455 1084 1496 Pindarum
1129 1468 1258 1508 nuper
1297 1456 1418 1496 multi
1459 1457 1588 1497 multa
1630 1457 1773 1509 nugati
1797 1464 1863 1510 94,

184 1522 297 1572 sunt,
338 1534 440 1573 quae
479 1534 570 1562 cum
607 1522 732 1563 oculis
768 1523 904 1574 potius
942 1535 1064 1574 quam
1100 1522 1262 1563 auribus
1299 1524 1371 1562 aut
1399 1522 1619 1564 fastidiosis
1651 1524 1772 1574 atque

185 1587 338 1628 insanis
367 1588 505 1639 potius
536 1587 698 1629 auribus
730 1601 852 1640 quam
881 1589 1035 1641 graecis
1066 1588 1316 1629 observarint
1344 1588 1527 1629 refellere
1569 1588 1672 1628 nihil
1712 1590 1771 1629 at·

183 1653 298 1693 tinet.
361 1652 440 1693 Sed
477 1653 525 1694 de
562 1655 671 1695 sonis
709 1654 949 1705 quibusdam
986 1656 1057 1694 aut
1092 1654 1256 1695 vocibus
1291 1654 1406 1695 brevi
1447 1655 1661 1695 intervallo
1697 1655 1772 1694 ite-

183 1719 283 1759 ratis
314 1720 553 1772 gravissima
583 1722 645 1760 est
675 1720 876 1772 quaestio,
913 1719 964 1760 ad
1002 1733 1123 1772 quam
1163 1720 1447 1761 absolvendam
1476 1720 1604 1761 solido
1634 1720 1772 1761 libello

185 1797 286 1837 opus
324 1797 408 1825 esse
443 1787 551 1825 reete
588 1784 691 1826 dixit
729 1784 806 1826 Gar
842 1785 967 1827 Lehrs
1011 1780 1258 1841 (Aristaroffl
1288 1781 1415 1842 478),
1459 1788 1531 1839 qui
1566 1788 1607 1828 et
1645 1787 1773 1827 homi-

184 1863 282 1890 nnm
310 1863 441 1892 mores
473 1852 513 1891 et
542 1851 780 1892 iteratorum
809 1865 958 1905 genera
988 1853 1148 1894 strenue
1185 1851 1467 1905 distinguenda
1505 1866 1589 1894 esse
1619 1854 1773 1905 primus

184 1915 330 1957 docuit.
399 1913 476 1957 ‘De
513 1917 725 1958 verborum
761 1930 812 1969 ap
849 1917 954 1958 Pind
992 1914 1269 1959 collocatione'
1305 1918 1501 1959 nonnulla
1537 1919 1667 1960 sobrie
1704 1918 1772 1959 ob-

185 1982 361 2023 servavit
390 1981 540 2023 Paulus
571 1983 700 2024 Harre
738 1977 879 2038 (Berol
912 1979 1066 2040 1867),
1104 1980 1168 2024 ‘de
1198 1983 1366 2024 Pindari
1395 1985 1558 2024 nomina
1589 1983 1774 2025 variandi

185 2041 403 2104 (imprimis
433 2049 596 2089 nomina
625 2049 791 2101 propria
821 2044 938 2105 dicit)
973 2046 1123 2090 studio’
1161 2051 1275 2091 acute
1291 2050 1502 2094 ,disseruit
1534 2049 1611 2091 Gar
1639 2050 1774 2092 Ritter

185 2113 267 2155 diss
285 2113 508 2168 Argentorr
530 2114 589 2155 lx
616 2116 744 2166 1885,
771 2116 856 2156 239
877 2128 929 2167 ss,
954 2115 1002 2156 de
1029 2116 1285 2168 appellativis
1309 2116 1468 2157 iteratis
1491 2116 1599 2157 idem
1617 2116 1774 2158 ibidem

188 2181 287 2221 282.
315 2180 412 2220 289.
461 2174 817 2222 Βοοῇεείπιῖνετο
842 2182 903 2222 the
929 2181 1076 2222 Greeks
1105 2182 1205 2222 have
1233 2184 1303 2223 not
1331 2194 1408 2222 οων
1437 2183 1563 2223 dread
1593 2183 1642 2233 of
1664 2194 1773 2234 repe-

186 2247 298 2287 tition
322 2238 590 2289 endor-loeva
613 2246 718 2287 Pind
741 2261 769 2300 p
797 2247 895 2289 250.
918 2249 1002 2289 347
1030 2241 1102 2302 (ad
1120 2246 1154 2287 P
1172 2247 1194 2287 1
1215 2248 1404 2300 78—80‚
1422 2248 1482 2289 lx
1502 2243 1775 2304 112—114)‚

185 2311 291 2353 unde
323 2310 512 2367 δευτέρῳ
543 2325 552 2354 :
577 2310 764 2355 δεύτατα
795 2313 829 2355 0
854 2313 876 2353 I
900 2315 970 2354 43.
998 2314 1075 2366 50,
1115 2310 1433 2365 μεταβάςοντας
1459 2326 1468 2355 ;
1498 2312 1658 2366 βαίνων
1687 2314 1722 2354 P
1752 2314 1775 2354 Ι

189 2378 258 2419 52.
285 2379 355 2430 55,
386 2375 495 2419 ἀκοά
515 2390 525 2419 :
545 2375 682 2421 ἀκοάν
715 2380 784 2420 84.
819 2381 887 2432 90,
919 2378 1118 2422 δέκονται
1138 2390 1147 2421 :
1168 2378 1362 2422 δέδεκται
1396 2382 1464 2421 98.
1493 2382 1592 2432 100,
1622 2378 1772 2436 ἱέρεαι

186 2440 309 2494 ἱεράν
333 2444 394 2484 Ν
419 2447 457 2486 5.
484 2446 525 2496 6,
554 2443 708 2496 ταχέες
727 2458 738 2487 :
757 2445 913 2488 θᾶςςον
937 2441 1125 2503 (ταχέως
1145 2457 1155 2487 z
1176 2445 1332 2488 θᾶςςον
1359 2447 1503 2488 merito
1527 2447 1776 2499 vituperavit

187 2510 249 2562 Ty
278 2506 520 2567 Mommsen)
559 2513 657 2552 179.
692 2513 791 2564 181,
828 2509 1022 2561 γίνεται;
1048 2510 1224 2563 γένηται
1263 2514 1361 2553 273.
1396 2515 1472 2564 74,
1515 2509 1774 2564 ἐριβρόμουε

187 2573 416 2627 ἐριβρόμου
441 2576 501 2617 VI
527 2578 565 2618 3.
594 2579 663 2630 11,
694 2574 784 2632 νόῳ
806 2590 816 2618 :
842 2575 935 2631 νόῳ
966 2579 1036 2618 47.
1064 2578 1134 2629 51,
1165 2574 1317 2628 μίγενε
1344 2577 1592 2628 ςυνέμειξαν
1619 2577 1678 2618 IX
1704 2578 1774 2619 68.

189 2642 265 2693 72,
308 2639 455 2697 χρόνῳ
481 2658 489 2683 =
516 2641 677 2698 χρὸνίψ
713 2643 772 2685 XI
804 2645 873 2685 32.
907 2645 982 2695 36,
1026 2641 1178 2694 φέρειν
1204 2654 1213 2684 :
1239 2642 1394 2695 φέρειν
1430 2643 1470 2683 N
1505 2643 1570 2682 ΙΠ
1602 2643 1669 2683 28.
1703 2644 1774 2694 30,

187 2703 303 2748 Ἴλου
328 2704 458 2749 πόλιν
478 2720 487 2749 :
507 2705 706 2760 Πριάμου
731 2706 861 2751 πόλιν
887 2709 1050 2750 VII30.
1066 2709 1135 2760 35,
1160 2704 1334 2758 ἀνδρῶν
1353 2720 1363 2748 :
1383 2704 1557 2758 ἀνδρῶν
1581 2707 1684 2747 vm
1702 2709 1772 2749 41.

189 2774 261 2824 42,
285 2771 334 2814 ἐν
359 2769 478 2823 Ἄρει
498 2797 554 2803 -
570 2773 619 2815 ἐν
638 2773 748 2816 Διὸς
773 2771 920 2828 ὄμβρῳ
945 2775 967 2814 Ι
984 2774 1024 2813 V
1042 2775 1111 2814 48.
1132 2775 1203 2824 49,
1227 2770 1315 2814 ἀπὸ
1340 2770 1606 2823 παγκρατίου
1621 2795 1678 2801 —-
1692 2770 1773 2814 ἀπ’
1795 2815 1798 2819 ,

187 2833 351 2888 Ἰςθμοῦ
376 2839 398 2878 Ι
416 2839 476 2879 VI
496 2841 565 2881 60.
587 2843 640 2881 61
670 2841 750 2881 alia
775 2842 810 2881 si
834 2854 915 2881 non
939 2842 1042 2881 forte
1067 2842 1228 2891 temere,
1253 2841 1295 2878 at
1321 2839 1370 2879 ab
1394 2838 1646 2891 imprudente
1666 2841 1772 2881 certe

188 2906 310 2954 poeta
340 2905 557 2946 seeundum
587 2919 676 2947 eam
706 2908 873 2947 naturae
904 2908 1063 2947 nostrae
1093 2905 1224 2958 legem
1255 2918 1333 2957 qua
1359 2918 1460 2956 quae
1485 2905 1556 2944 diu
1579 2905 1773 2945 latuerint

189 2969 312 3009 semel
348 2973 514 3013 evocata
536 2973 691 3024 'sponte
726 2973 873 3013 iterum
909 2984 952 3014 se
988 2971 1158 3013 offerant
1194 2970 1368 3014 admissa
1404 2983 1488 3012 esse
1524 2970 1643 3012 facile
1679 2983 1771 3027 oonss
