2014 3360
731 190 1105 230 PROLEGOMENA
1127 190 1189 229 ΠΙ.
1215 190 1269 228 IV
1728 190 1788 234 55

202 310 303 364 gieis
333 310 459 364 igitur
481 308 654 351 Heronis
683 307 833 349 tabulis
865 307 915 348 ab
938 306 1152 347 Hmtschio
1183 305 1302 347 editis
1326 305 1472 347 Mem
1498 304 1630 357 Seript
1652 305 1674 344 1
1700 306 1786 345 184

204 376 342 418 addita
386 377 430 416 in
475 374 609 416 codice
650 374 724 415 illo
766 373 958 427 leguntur
998 372 1115 413 haec:
1163 368 1190 412 ὁ
1226 368 1491 422 ὀλυμπιακὸς
1520 366 1672 423 <ἀγὼν
1710 370 1787 411 add

205 439 389 497 Semne>
419 438 509 492 ἔχει
539 436 829 491 ἱπποδρόμιον
860 436 967 490 ἔχον
992 435 1190 480 ςταδίους
1215 434 1347 479 ὀκτώ·
1378 434 1448 478 καὶ
1473 434 1630 478 τούτου
1655 433 1681 487 ἢ
1708 434 1787 487 μὲν

204 504 298 564 (μία
329 507 420 560 cod,
456 520 520 549 em
549 507 726 560 Heiberg
756 506 826 547 litt
857 505 907 546 ad
944 518 1008 546 me
1046 504 1152 547 datis
1185 498 1322 561 1897)
1359 499 1527 554 πλευρὰ
1564 498 1654 553 ἔχει
1690 513 1785 543 ςτα-

205 572 323 616 δίους
353 574 469 626 τρεῖς
500 571 570 614 καὶ
599 571 792 624 πλέθρον
823 569 885 623 ἕν,
914 569 966 613 τὸ
998 568 1046 611 δὲ
1078 568 1253 615 πλάτος
1274 567 1385 633 πρὸς
1409 567 1488 619 τὴν
1513 564 1665 619 ἄφεςιν
1691 565 1786 609 ςτά-

205 646 300 688 διον
331 644 392 688 ἓν
411 643 481 687 καὶ
512 643 678 696 πλέθρα
708 641 910 694 τέτταρα,
940 640 1098 696 <ὁμοῦ,
1128 643 1145 683 i
1175 655 1197 683 e
1222 651 1280 695 π,
1312 640 1389 681 add
1419 637 1622 694 Heiberg>
1653 637 1788 681 πόδες

202 715 525 769 τετρακιςχίλιοι
556 713 796 758 ὀκτακόςιοι
828 701 923 771 (π
929 710 1035 757 ΔΩ’
1061 710 1171 770 eod).
1233 711 1303 754 καὶ
1339 710 1450 763 πρὸς
1485 713 1548 767 τῷ
1584 709 1692 766 ἠρίῳ
1722 712 1787 766 τῷ

204 783 427 838 λεγομένῳ
451 780 705 836 ταραξίππῳ
731 777 919 837 (ΒυΙιὸιιο,
937 778 1219 832 Ταραξίππου
1242 779 1405 821 Crusius
1428 780 1547 829 recte,
1576 776 1684 829 πρὸς
1709 777 1788 818 τῶι

203 847 384 902 ῥωτικῶι
416 847 656 900 λεγομένωι
687 849 822 899 παρεξ
851 845 971 889 ἱππω
1009 842 1102 903 eod)
1139 843 1435 900 (κάμπτοντες
1477 844 1554 885 add
1583 841 1788 898 Heiberg>

201 915 427 966 τρέχουςιν
458 912 501 957 οἱ
531 913 610 966 μὲν
634 913 853 966 ἡλικιῶται
880 912 1084 966 <κέλητες
1109 912 1187 953 add
1213 910 1399 965 Semne>
1422 908 1581 952 πάντες
1606 908 1788 952 κύκλους

203 977 376 1038 (scripsi,
407 978 605 1022 ςταδίους
636 976 729 1037 οοᾱ)
762 978 818 1030 ἕξ,
850 976 894 1021 αἱ
926 976 1106 1034 [τέλειαι
1136 979 1328 1030 expunxit
1354 975 1525 1029 Schcne]
1559 974 1788 1027 ςυνωρίδες

204 1046 247 1089 αἱ
278 1047 356 1098 μὲν
394 1045 632 1100 [ἡλικιῶται
661 1044 853 1098 expunxi]
887 1043 1071 1086 πωλικαὶ
1101 1043 1285 1086 κύκλους
1315 1044 1444 1095 τρεῖς,
1476 1041 1520 1083 αἱ
1551 1041 1599 1084 δὲ
1629 1041 1790 1084 τέλειαι

203 1111 329 1166 ὀκτώ,
360 1110 530 1164 ἅρματα
558 1108 642 1166 (τὰ
667 1111 745 1152 add
771 1108 954 1166 Semne>
985 1110 1064 1161 μὲν
1095 1107 1264 1152 πωλικὰ
1293 1108 1477 1151 κύκλους
1501 1105 1627 1158 ὀκτώ,
1657 1105 1712 1149 τὰ
1739 1106 1787 1148 δὲ

203 1179 348 1221 τέλεια
378 1177 561 1221 κύκλους
586 1176 768 1219 δώδεκα.
819 1173 1187 1230 ‘Hippodromium’
1218 1177 1346 1230 igitur
1374 1176 1440 1217 vel
1465 1171 1632 1216 ‘orbem'
1656 1175 1790 1227 ipsum

203 1259 396 1299 equorum
426 1257 586 1286 cursum
617 1244 726 1295 dicit,
757 1245 870 1285 cuius
900 1243 1077 1284 medium
1108 1244 1224 1295 quasi
1255 1243 1466 1283 circuitum
1495 1242 1700 1294 ingeniose
1729 1241 1789 1280 ita

203 1313 403 1363 describit,
432 1313 480 1351 ut
508 1323 583 1363 pro
614 1311 708 1351 orbe
738 1310 811 1351 illo
843 1310 1022 1362 elliptico
1052 1322 1134 1350 non
1159 1309 1481 1362 quadrangulum
1503 1308 1632 1360 fingat
1656 1308 1788 1347 animo

202 1393 250 1419 ex
293 1378 446 1419 duobus
489 1377 681 1418 lateribus
724 1377 856 1429 longis
877 1395 879 1397 ·
900 1376 995 1416 circi
1037 1376 1157 1416 lateri
1200 1376 1318 1416 alteri
1353 1376 1437 1416 fere
1474 1373 1706 1426 aequalibus
1749 1374 1790 1412 et

202 1445 354 1485 duobus
391 1444 629 1484 transversis
667 1443 762 1482 circi
799 1442 1014 1482 latitudine
1046 1441 1212 1483 dimidio
1242 1441 1477 1492 minoribus,
1510 1439 1578 1481 sed
1609 1441 1788 1492 triangu-

201 1511 286 1551 lum
316 1523 363 1551 ex
394 1510 588 1550 lateribus
623 1508 707 1549 illis
742 1508 874 1560 longis
906 1509 947 1548 et
977 1507 1193 1548 latitudine
1225 1504 1295 1548 ‘ad
1325 1503 1507 1559 aphesin'
1539 1507 1637 1547 satis
1670 1505 1788 1546 facile

199 1577 273 1617 illa
304 1575 537 1616 emetienda.
598 1574 742 1625 Itaque
772 1572 799 1624 ἡ
831 1571 999 1624 πλευρά
1034 1574 1098 1615 bis
1136 1574 1290 1614 scilieet
1324 1574 1398 1614 illa
1428 1575 1472 1613 in
1500 1574 1699 1613 rationem
1727 1572 1787 1611 in—

201 1641 380 1683 ducenda
415 1636 554 1696 (stadd
585 1636 660 1694 3¹]ss
682 1639 738 1692 -Ι-
760 1635 857 1695 3¹s3)
891 1642 933 1680 et
969 1638 1020 1680 τὸ
1058 1636 1224 1680 πλάτος
1263 1634 1401 1695 (stadd
1435 1634 1530 1695 1²s3)
1561 1639 1604 1678 in
1634 1651 1789 1679 summa

200 1708 379 1749 efficiunt
410 1707 541 1749 stadia
572 1708 672 1747 octo.
735 1705 862 1753 Quem
900 1708 990 1746 octo
1027 1705 1250 1747 stadiorum
1288 1707 1425 1747 orbem
1457 1706 1646 1758 quoniam
1676 1705 1788 1755 equis

200 1774 469 1828 singularibus
499 1772 612 1813 nullo
647 1772 792 1813 aetatis
824 1771 1051 1813 discrimine
1081 1773 1190 1812 facto
1215 1767 1476 1827 (ἡλικιῶται)
1509 1772 1653 1822 sexies,
1682 1771 1788 1824 bigis

200 1853 393 1893 equorum
428 1839 753 1891 imperfectorum
788 1839 869 1888 ter,
910 1838 1179 1890 perfectorum
1215 1839 1358 1888 octies,
1402 1838 1608 1890 quadrigis
1644 1838 1788 1888 imper·

199 1908 395 1948 sectorum
446 1906 588 1956 octies,
639 1904 908 1956 perfectorum
959 1903 1169 1944 duodecies
1220 1916 1455 1945 conversum
1506 1917 1590 1945 esse
1639 1903 1788 1955 partim

201 1972 362 2014 aliunde
395 1973 478 2012 iam
509 1972 666 2011 constat
696 1965 820 2025 (Pind
850 1969 884 2010 O
915 1969 957 2009 Π
990 1972 1060 2020 50,
1090 1970 1154 2009 111
1186 1971 1256 2020 33,
1286 1970 1347 2009 VI
1367 1971 1436 2021 75,
1467 1970 1500 2010 P
1519 1970 1558 2008 V
1578 1970 1648 2019 33,
1678 1969 1788 2009 schol

198 2039 303 2080 Pind
333 2037 368 2079 Ο
398 2037 441 2078 Π
467 2039 544 2088 92,
578 2036 642 2076 ΠΙ
675 2037 753 2087 59,
786 2035 846 2075 VI
879 2037 984 2087 124,
1019 2035 1053 2076 Ρ
1084 2035 1124 2075 V
1155 2030 1250 2091 39),
1285 2037 1436 2088 partim
1472 2048 1578 2076 nunc
1613 2036 1788 2087 primum

202 2107 389 2148 certiores
419 2104 518 2144 facti
549 2115 697 2154 sumus,
728 2103 909 2154 sequitur
939 2104 997 2152 ut,
1027 2103 1063 2143 si
1093 2101 1211 2142 modo
1243 2102 1419 2142 stadium
1453 2104 1551 2154 192,
1573 2103 1627 2142 27
1659 2103 1788 2141 metra

201 2186 285 2215 esse
314 2172 420 2213 recte
451 2170 597 2212 statuit
625 2159 738 2208 Wiln'n
767 2167 982 2220 Dtirpfeld,
1013 2180 1136 2219 equos
1167 2169 1391 2221 singulares
1422 2169 1505 2209 fere
1538 2170 1584 2219 9,
1605 2169 1630 2208 3
1650 2167 1788 2217 kilom,

199 2240 314 2293 bigas
353 2239 393 2289 4,
413 2238 438 2278 6
482 2238 523 2277 et
564 2236 633 2286 12,
653 2235 698 2286 3,
742 2233 956 2286 quadrigas
997 2235 1072 2284 12,
1092 2234 1118 2274 3
1163 2235 1204 2274 et
1249 2235 1324 2285 18,
1345 2235 1370 2274 5
1402 2235 1530 2275 kilom
1573 2234 1786 2275 confecisse

202 2305 447 2358 colligamus.
509 2300 619 2349 Quae
656 2300 893 2342 decursuum
928 2301 1061 2353 spatia
1097 2301 1145 2340 ut
1182 2299 1288 2352 apud
1325 2302 1482 2342 nostros
1516 2301 1696 2341 homines
1726 2300 1785 2338 in-

202 2372 351 2422 audita,
381 2371 440 2411 ita
464 2381 545 2410 non
569 2366 819 2410 incredibilia
844 2379 928 2407 esse
953 2366 1078 2407 Herm
1105 2364 1258 2406 Schdne
1283 2359 1414 2422 (159)
1440 2367 1489 2408 ab
1516 2367 1615 2407 artis
1644 2366 1785 2418 peritis

202 2438 363 2479 edoctus
395 2439 466 2477 est.

847 2524 1135 2532 --—-——--.-———-

960 2631 1025 2676 IV

667 2717 891 2764 INDEX
922 2713 1316 2762 OARMINVM

321 2821 487 2863 Pindari
523 2821 699 2862 carmina
736 2831 825 2859 cum
868 2816 917 2857 ab
956 2814 1173 2857 editoribus
1215 2813 1380 2855 inscribi
1417 2814 1591 2854 solerent
1629 2809 1780 2863 Ὀλυμ-

202 2880 403 2939 πιονῑκαι,
434 2886 686 2930 Πυθιονῖκαι
707 2917 717 2926 .
736 2916 746 2926 .
767 2915 800 2936 .,
831 2877 983 2936 Bergk⁴
1007 2878 1212 2923 Ἐπίνικοι
1238 2876 1593 2930 Ὀλυμπιονίκαις,
1618 2877 1777 2920 Πυθιο-

203 2951 336 2996 νίκαις.
367 2985 377 2995 .
397 2984 438 2996 ..
480 2953 752 3006 praeoptavit:
794 2949 1015 3003 promiscue
1046 2943 1226 2989 ἐπίνικοι
1266 2939 1376 3000 (cum
1408 2943 1583 2985 Pindaro
1619 2945 1707 2996 ipso
1744 2942 1778 2983 O
