2014 3360
235 203 324 246 486
765 201 968 238 PINDARI
990 201 1295 238 FRAGMENTA

236 312 297 358 (ex
320 310 490 357 Harpoor
509 310 613 355 Suid,
644 309 678 353 γ’
706 309 803 345 codd
826 309 944 356 Har-p)
975 310 1091 346 αὐτὸν
1115 309 1324 353 ὀλυμπιάδα
1349 310 1445 353 λέγει
1473 307 1758 356 παραγενέςθαι,
1784 310 1807 345 ό

238 361 279 396 δὲ
303 359 490 404 Πίνδαρος
526 359 621 394 κατὰ
659 359 811 402 Κροῖςον
843 359 912 393 τὸν
938 359 1081 393 ,Λυδῶν
1118 358 1279 402 βαςιλέα,
1316 358 1419 393 ἄλλοι
1451 358 1492 393 δὲ
1525 357 1620 394 κατὰ
1650 358 1722 400 τὴν
1747 354 1804 393 κα’

239 407 458 450 ὀλυμπιάδα.
508 405 564 441 De
600 404 719 440 Abari
754 404 1079 452 Hyperboreorum
1125 404 1176 440 ad
1211 403 1426 451 Apollinem
1461 403 1641 451 Pythium
1676 403 1808 442 theoto

239 453 351 490 schol.
367 453 471 489 Arist
496 463 543 498 eq
570 456 638 489 ’725
663 451 751 488 Ddf.

907 549 993 593 271
1022 548 1148 608 (194)

360 629 499 677 Origen
525 641 545 666 c
570 630 654 667 Cels
679 642 699 666 c
718 630 808 677 26(Ι
827 633 895 666 222
909 629 1055 677 Ktsch):
1089 633 1147 666 καὶ
1171 631 1323 675 πρῶτόν
1348 641 1390 673 γε
1414 630 1462 666 τὰ
1486 631 1569 675 περὶ
1594 630 1662 666 τὸν
1684 630 1811 675 Προ-

241 679 479 723 κοννήςιον
506 679 749 724 Ἀριςτέαν,
773 681 856 723 περὶ
882 679 927 714 οὗ
951 679 1072 714 ταῦτά
1096 689 1185 723 φηςι
1211 677 1383 726 (Celsus)··
1418 677 1502 714 ἐἶτ’
1528 678 1714 723 Ἀριστέαν
1741 678 1808 722 μὲν

239 728 309 763 τὸν
333 727 611 771 Προκοννήςιον
636 727 885 771 ἀφανιςθέντα
902 737 945 762 τε
969 727 1070 762 οὕτω
1095 726 1296 770 δαιμονίως
1319 727 1357 763 ἑξ
1382 723 1592 770 ἀνθρώπων
1617 726 1679 761 καὶ
1703 725 1810 762 αὖθις

241 775 409 818 ἐναργῶς
442 774 611 818 φανέντα
646 776 707 810 καὶ
736 776 884 810 πολλοῖς
914 774 1068 819 ὕςτερον
1096 775 1245 818 χρόνοις
1272 775 1461 818 πολλαχοῦ
1491 775 1564 818 τῆς
1590 770 1814 822 οἰκουμένης

242 821 517 866 ἐπιδημήςαντα
535 823 595 857 καί
615 822 806 865 θαυμαςτὰ
824 821 1102 865 ἀναγγείλαντα,
1118 823 1178 857 καὶ
1196 823 1266 858 τοο
1290 821 1521 857 ’Λπόλλωνος
1539 821 1812 865 ἑπιςκήψαντος

243 868 538 905 Μεταποντίνοις
562 870 603 904 έν
634 871 731 905 θεῶν
763 869 1016 915 μοίρᾳνέμειν
1041 867 1130 916 (lect
1154 868 1244 915 vulg
1277 870 1399 912 μένειν
1428 867 1527 904 retin
1548 866 1701 915 Bergk,
1732 878 1813 904 cor-

241 915 379 963 rigitur
403 925 424 951 e
449 925 520 963 cap
540 917 599 962 27)
618 917 686 952 τὸν
713 917 916 962 Ἀριςτέαν,
939 920 1078 952 τοῦτον
1102 917 1224 953 οὐδεὶς
1248 917 1303 952 ἔτι
1327 916 1466 959 νομίζει
1490 915 1606 952 θεόν.’
1657 916 1754 951 ἔοικε
1779 915 1815 954 δ’

242 963 435 1008 εἰληφέναι
458 966 529 1007 τὴν
555 963 714 1009 ἱςτορίαν
739 964 813 999 ἀπὸ
837 964 1027 1007 Πινδάρου
1052 965 1112 1000 καὶ
1138 965 1342 1009 Ἡροδότου
1448 966 1491 1008 13
1506 964 1567 1010 ss).
1617 961 1674 998 Ex
1695 961 1813 999 Hero·

244 1010 334 1046 doto
366 1020 451 1046 cum
482 1009 550 1046 alii
578 1009 785 1047 hauserunt
815 1012 896 1046 tum
927 1010 1144 1058 Tbeopomp
1175 1022 1225 1058 ap
1256 1011 1332 1047 Ath
1463 1013 1565 1047 605⁰.
1615 1010 1813 1046 Absurdne

242 1057 347 1093 illius
372 1057 419 1093 de
444 1057 615 1094 Aristeae
641 1058 691 1094 ed
714 1057 993 1105 Metapontinos
1019 1059 1182 1096 adventu
1206 1057 1512 1095 narratiunculae
1530 1057 1736 1095 Pindarum
1754 1068 1815 1094 ex-

245 1105 387 1142 stitisse
405 1106 597 1142 auctorem
616 1107 654 1142 et
671 1115 739 1152 per
757 1116 798 1142 se
814 1116 949 1153 parum
966 1106 1162 1153 probabile
1175 1106 1363 1153 (probavit
1379 1105 1513 1143 Rohde
1530 1104 1742 1152 Psyche²H
1754 1105 1815 1151 93)

244 1164 368 1198 neque
392 1164 437 1189 ex
456 1151 629 1200 Origenis
648 1153 770 1190 verbis
789 1154 1002 1197 necessario,
1026 1154 1125 1191 effici
1143 1154 1302 1191 videtur.
1339 1153 1686 1200 Metapontinorum
1703 1151 1814 1190 illum

246 1200 355 1236 deum
382 1199 596 1237 Aristaeum
614 1201 676 1247 (de
694 1212 769 1247 quo
793 1201 890 1237 Pind
908 1201 939 1237 P
951 1201 1002 1237 IX
1027 1206 1082 1238 65.
1108 1202 1144 1237 fr
1161 1204 1247 1249 251)
1271 1201 1388 1238 fuisse
1405 1200 1503 1237 Hect
1518 1200 1607 1237 Pais
1625 1200 1818 1247 perspexit

246 1253 321 1285 πον
346 1248 371 1283 d
395 1247 456 1285 Sic
474 1248 493 1283 I
517 1250 640 1295 (1894)
666 1252 752 1295 5483
785 1248 831 1285 de
855 1249 1037 1285 Herodoti
1067 1260 1191 1286 errore
1220 1248 1282 1285 Ad
1305 1247 1504 1285 Kirchhoff
1525 1248 1622 1284 dixit
1651 1248 1692 1292 in
1717 1258 1816 1284 com-

245 1295 545 1332 mentatiuncula
569 1295 734 1342 quadam
758 1296 935 1343 privatim
960 1297 1095 1333 emisse
1109 1300 1201 1333 1899
1213 1298 1356 1345 (Γενεθλ
1370 1307 1390 1333 z
1404 1298 1715 1344 Butbmanmtaye
1734 1299 1753 1332 1
1766 1297 1816 1343 ss)

246 1343 435 1380 Arietem
453 1354 539 1379 vero
557 1343 859 1390 Proconnensium,
878 1344 1090 1391 Caystrobii
1108 1344 1240 1389 filium,
1258 1344 1473 1380 fabularum
1490 1343 1818 1391 Hyperborea-um

249 1392 441 1428 auctorem
465 1391 809 1439 ingeniosissimum
833 1403 857 1428 a
874 1391 1039 1430 Pindaro
1063 1392 1214 1428 laudari
1239 1403 1315 1428 non
1339 1393 1398 1428 est
1421 1392 1522 1438 quod
1546 1392 1691 1428 mirere.

915 1512 1003 1556 272
1028 1511 1157 1571 (195)

367 1593 434 1630 Vit
462 1594 560 1631 Pind
591 1593 724 1631 Ambr:
764 1595 918 1640 ἐπέβαλε
952 1596 993 1631 δὲ
1028 1599 1107 1631 τοῖς
1139 1596 1287 1640 χρόνοις
1316 1594 1540 1640 Σιμωνίδου,
1576 1595 1600 1641 ᾖ
1637 1594 1821 1640 νεώτερος

247 1643 500 1689 πρεςβυτέρψ·
536 1646 616 1679 τῶν
651 1646 746 1686 γοῦν
784 1643 911 1679 αὐτῶν
949 1643 1152 1688 μέμνηνται
1189 1643 1396 1688 ἀμφότεροι
1430 1643 1613 1688 πράξεων.
1663 1641 1820 1688 καὶγὰρ

249 1690 456 1735 Σιμωνίδης
477 1692 550 1735 τὴν
575 1690 807 1733 ὲνΣαλαμῑνι
829 1690 1038 1734 ναυμαχίαν
1060 1690 1229 1735 γέγραφε
1252 1692 1312 1726 καὶ
1335 1690 1525 1735 Πίνδαρος
1548 1690 1729 1734 μέμνηται
1751 1692 1822 1733 τῆς

250 1739 433 1781 Κάδμου
469 1737 658 1782 βαςιλείας.
708 1736 802 1773 Suid
825 1748 849 1774 v
878 1737 1099 1783 Σιμωνίδης]
1136 1739 1197 1773 καὶ
1231 1738 1438 1782 γέγραπται
1467 1738 1572 1784 αὐτῷ
1609 1735 1822 1786 (Simonidi)

250 1785 393 1829 Δωρίδι
423 1785 604 1832 διαλέκτῳ
634 1787 659 1830 ἠ
692 1786 872 1830 Κάδμου
903 1784 1052 1831 (scripsi
1082 1783 1118 1820 cl
1145 1784 1221 1831 prll
1250 1796 1277 1832 p
1297 1788 1360 1829 76,
1398 1785 1588 1829 Καμβύςου
1619 1783 1730 1829 codd)
1761 1784 1822 1820 καὶ

251 1831 415 1876 Δαρείου
447 1832 604 1875 βαςιλεία
634 1834 695 1868 καὶ
724 1833 866 1878 Ξέρξου
901 1832 1086 1876 ναυμαχία
1117 1835 1193 1869 κτλ.
1241 1831 1394 1869 Boeckh
1417 1842 1441 1868 e
1470 1831 1610 1868 Suidae
1639 1831 1822 1868 librorum

249 1878 413 1915 lectione
425 1879 608 1925 (quamvis
634 1880 716 1926 ‘per
735 1890 775 1915 se
794 1879 989 1926 absurda')
1007 1879 1297 1916 Ambrosianum
1458 1879 1602 1916 aticum
1625 1879 1823 1916 restituere

250 1925 399 1971 maluit,
423 1937 446 1962 a
472 1926 526 1963 ud
550 1937 662 1973 quem
681 1927 870 1972 Ampelon?
894 1927 934 1963 Io
954 1927 1060 1964 Gottl
1078 1926 1282 1964 Schneider
1298 1892 1468 1964 isicandr
1490 1927 1575 1963 ther
1597 1925 1711 1973 praef
1722 1925 1822 1971 XXI,

250 1975 392 2019 Ξέρξου
469 1975 682 2019 estol-mann
703 1975 834 2031 biogrr
921 1977 976 2011 98.
1027 1974 1083 2011 De
1108 1974 1241 2012 Cadmi
1270 1975 1311 2011 in
1335 1974 1503 2011 Siciliam
1527 1974 1692 2012 adventu
1709 1975 1822 2021 (mo

252 2033 277 2058 a
295 2021 322 2058 C
342 2022 427 2068 494)
451 2021 538 2069 Aug
560 2022 701 2060 Lorenz
726 2022 846 2069 Epich
902 2022 948 2059 eb
965 2034 993 2058 u
1018 2022 1130 2059 Schn-
1147 2026 1204 2060 61.

920 2142 1009 2187 273
1034 2141 1163 2202 (202)

373 2222 486 2260 Schol
495 2223 613 2271 Apoll
628 2224 689 2261 Rh
703 2224 721 2260 1
732 2228 820 2261 411:
846 2225 1034 2262 Αἰςωνὶς
1056 2226 1162 2261 πόλις
1179 2228 1248 2270 τῆς
1267 2224 1480 2269 Μαγνηςίας
1497 2223 1572 2260 ἀπὸ
1596 2227 1666 2259 τοῦ
1683 2224 1826 2267 πατρὸς

256 2273 424 2317 Ἰάςονος,
456 2273 508 2309 ὡς
537 2274 598 2309 καὶ
628 2273 820 2317 Πίνδαρός
847 2284 935 2318 φηςι
964 2274 1025 2308 καί
1050 2273 1262 2318 Φερεκύδης
1292 2274 1366 2318 (καὶ
1396 2273 1482 2317 Φερ.
1509 2281 1571 2307 om
1595 2269 1667 2306 cod
1690 2269 1821 2316 Paris).

254 2319 397 2357 Eadem
420 2320 487 2365 qui
510 2319 682 2366 pleniora.
712 2319 906 2357 exhiberet
930 2319 1048 2366 Steph
1072 2319 1150 2367 Byz
1174 2331 1196 2355 v
1222 2320 1355 2356 Αἰςών·
1380 2319 1484 2355 πόλις
1508 2317 1712 2363 Θεςςαλίας,
1749 2318 1824 2355 ἀπὸ

255 2368 415 2404 Αἴςωνος
450 2371 519 2404 τοῦ
559 2369 714 2404 Ἰάςονος
748 2369 900 2412 πατρός,
937 2368 982 2403 οὗ
1012 2369 1058 2402 τὸ
1089 2369 1209 2411 ὄνομα
1240 2368 1301 2403 διὰ
1329 2370 1398 2402 τοῦ
1425 2369 1458 2402 ὤ
1489 2365 1659 2401 κλίνεται.
1706 2365 1753 2401 τὸ
1783 2365 1825 2400 δὲ

255 2415 445 2460 Αἰςονίδης
469 2417 536 2451 κτλ
560 2413 650 2460 (Hes
668 2415 786 2462 theog
804 2418 886 2459 993,
911 2417 932 2450 λ
950 2414 1047 2459 259).
1092 2415 1137 2450 τὸ
1157 2414 1303 2450 ἐθνικὸν
1321 2412 1509 2449 Αίςώνιος·
1536 2413 1597 2448 καὶ
1615 2412 1826 2458 Φερεκύδης

255 2464 326 2506 τὴν
349 2464 457 2498 πόλιν
477 2462 657 2499 Αἰςωνίαν
677 2463 776 2508 φηςί,
801 2461 1007 2498 Pindarum
1026 2472 1112 2497 cum
1130 2460 1333 2504 omitteret,
1358 2470 1407 2506 ap
1432 2458 1537 2495 schol
1554 2458 1667 2505 Apoll
1690 2459 1826 2504 poetae

256 2520 392 2545 nomen
418 2509 467 2545 ad
493 2509 612 2546 solem
636 2509 794 2546 Aesonis
812 2509 933 2556 patris
951 2508 1181 2545 mentionem
1198 2507 1242 2553 (P
1260 2507 1313 2542 IV
1332 2508 1415 2554 118)
1432 2506 1621 2552 pertinere
1645 2505 1827 2552 suspicati

260 2557 307 2592 de
331 2556 455 2604 fragm
481 2557 710 2594 dubitabant
733 2556 886 2593 Boeckh
911 2557 951 2592 et
973 2555 1111 2603 Bergk,
1135 2554 1241 2590 nulla
1266 2553 1503 2590 dubitatione
1527 2552 1667 2589 delevit
1691 2552 1826 2598 Christ,

258 2604 387 2649 paullo
412 2604 665 2640 festinantius.
716 2605 874 2644 Αἰςωνία
899 2615 949 2639 en
974 2604 1124 2639 Αἰςωνίς
1142 2601 1307 2638 Pindaro
1332 2600 1621 2637 adscribendum
1645 2600 1696 2636 sit
1719 2599 1827 2636 dubi-

258 2652 332 2687 tari
357 2651 457 2687 licet.
506 2651 563 2688 De
587 2652 744 2688 Αἰςωνία
770 2653 898 2688 autem
922 2662 1008 2687 cum
1032 2650 1147 2685 solius
1172 2648 1399 2694 Pherecydis
1423 2647 1628 2684 auctoritas
1652 2648 1828 2685 laudetur

259 2699 375 2734 etiam
400 2699 448 2734 ab
473 2698 688 2735 Herodiano
706 2698 724 2734 1
743 2701 801 2743 36,
820 2701 842 2734 8
855 2698 896 2742 L,
922 2697 1083 2733 alterum
1107 2697 1283 2742 equidem
1306 2695 1615 2742 praeoptaverim.

929 2805 1017 2847 274
1043 2803 1170 2862 (288)

381 2887 527 2931 Quintil
545 2887 579 2923 X
601 2891 632 2932 1,
654 2890 721 2923 109
747 2886 808 2933 (de
834 2885 1040 2933 Cicerone):
1072 2897 1148 2922 non
1178 2886 1279 2922 enim
1304 2886 1455 2932 pluvias
1483 2885 1528 2921 ut
1557 2885 1613 2921 eit
1643 2885 1828 2922 Pindarus

262 2947 380 2982 aquas
403 2936 554 2983 colliyit,
585 2934 652 2971 sed
675 2935 757 2972 vivo
780 2935 924 2982 yurqite
948 2935 1122 2972 extendat.
1165 2934 1269 2970 Haec
1294 2934 1326 2971 si
1350 2933 1434 2980 quis
1453 2933 1503 2969 ad
1524 2932 1621 2970 Pind
1639 2933 1670 2970 Ο
1689 2933 1739 2970 XI
1757 2933 1827 2971 2l3
