2014 3360
281 209 339 252 62
943 207 1189 244 PmDARvs

490 320 623 360 DFG
639 315 693 375 V)
727 321 939 371 propterea
977 321 1119 360 notatu
1154 319 1294 371 digne,
1337 319 1443 370 quod
1481 319 1524 360 in
1566 320 1847 361 vetustissimis

490 386 572 425 iam
601 385 714 425 libris
745 379 850 439 (AB
858 379 1005 439 GDE)
1033 387 1236 436 comparet
1258 385 1476 436 multisque
1499 385 1665 426 vorbis
1652 399 1696 426 m
1720 383 1846 426 sehon

492 447 594 490 vatt
623 450 843 501 exponitur.

323 515 357 556 O
382 516 460 555 XII
490 511 732 565 Ἐργοτέλει
769 511 956 567 Ἱμεραίῳ
993 511 1291 568 δολιχοδρόμῳ
1328 509 1488 570 (vulgo,
1530 515 1694 566 δολιχεῖ
1727 510 1847 571 ΔΟ),

491 579 703 631 νικήςαντι
721 578 799 630 τὴν
818 574 879 620 οῖ’
898 575 963 627 ὀλ,
975 579 1068 618 ΒΕ.
1107 579 1226 619 Schol
1243 579 1386 620 Ambr:
1405 577 1648 630 ὀλυμπιάδα
1665 579 1743 631 μὲν
1761 579 1845 621 ἑνί-

492 656 617 696 κηςεν
641 639 707 686 οζ’
733 642 802 684 καὶ
825 642 903 694 τὴν
928 641 1024 702 ἑξῆς
1057 640 1146 696 [σθ’
1171 644 1249 684 add
1273 644 1357 695 cod,
1388 640 1461 695 οη’
1485 657 1574 686 eon·
1595 643 1849 698 Mommsen}

493 707 678 752 πυθιάδα
700 708 748 750 δὲ
770 703 850 760 κε’,
869 706 938 749 καὶ
955 705 1112 759 Ἴςθμια
1135 706 1306 759 ὁμοίως.
1342 709 1442 750 Vnt:
1467 707 1705 760 ἠγωνίςατο
1724 708 1847 762 ἑβδο-

493 774 702 826 μηκοςτὴν
720 771 904 825 ἑβδόμην
917 769 1019 828 (οῖ’)
1039 771 1103 814 ὀλ.
1116 773 1330 826 BODEV,
1349 773 1417 816 καὶ
1434 773 1513 826 τὴν
1532 772 1642 826 ἑξῆς,
1661 772 1848 817 πυθιάδα

493 837 570 893 <δὲ
595 840 713 892 suppl
738 853 786 879 ex
807 839 934 879 Ambr
956 836 1204 893 Mommsen>
1227 837 1419 891 εἰκοςτὴν
1443 835 1627 891 ἑννάτην
1652 835 1762 896 (κθ’)
1788 853 1848 882 εε-

495 906 666 945 cundum
684 904 840 945 eosdem
857 904 980 945 libros
998 899 1176 959 (praeter
1190 903 1226 945 0
1242 906 1311 956 qui
1329 900 1392 954 κγ’
1407 905 1566 946 exhibet
1582 908 1684 946 teste
1699 905 1848 946 Dach-

492 966 668 1026 manno).
711 971 890 1010 Timum
909 969 1108 1022 Ergotelis
1125 970 1351 1011 Philanoris
1375 971 1397 1020 ξ
1410 970 1614 1011 Himeraei
1637 965 1848 1026 (καθάπερ

492 1048 542 1085 γε
563 1034 614 1076 τὸ
633 1033 875 1086 ἐπίγραμμα
892 1033 943 1075 τὸ
967 1031 1041 1076 ἐπ’
1060 1033 1178 1089 αὐτῷ
1202 1031 1325 1092 φηςί)
1350 1036 1572 1077 exscribens
1594 1036 1700 1076 Paua
1725 1036 1785 1076 VI
1808 1038 1850 1088 4,

498 1103 571 1141 11:
602 1098 778 1151 δολίχου
806 1098 886 1141 δύο
917 1098 965 1141 ἑν
995 1095 1206 1153 Ὀλυμπίᾳ
1236 1098 1366 1151 νίκας,
1396 1099 1604 1142 τοςαύτας
1635 1100 1683 1142 δὲ
1714 1098 1849 1142 ἄλλας

492 1165 633 1208 Πυθοῖ
663 1164 732 1206 καὶ
761 1163 810 1206 ἐν
840 1162 983 1219 Ἰςθμῷ
1012 1176 1060 1206 τε
1097 1163 1167 1206 καὶ
1199 1163 1391 1215 Νεμείων
1427 1163 1709 1220 ἀνῃρημένος,
1745 1166 1849 1215 unde

493 1231 651 1272 Boeekh
679 1225 806 1286 (expll
837 1225 944 1286 205)
969 1233 1058 1271 octo
1090 1230 1213 1271 fuisse
1239 1231 1439 1284 Ergotelis
1462 1232 1650 1273 victorias
1670 1232 1850 1284 collegit3

492 1297 686 1337 Pindarus
709 1297 796 1347 ipse
814 1298 1002 1347 quattuor
1025 1298 1198 1336 testatur
1220 1310 1247 1336 v
1265 1298 1333 1347 18,
1351 1296 1450 1338 duas
1468 1296 1647 1348 Delphis,
1670 1287 1849 1350 singulus

495 1362 704 1414 Olympiae
735 1364 776 1401 et
805 1363 848 1401 in
878 1361 1030 1400 Isthmo
1054 1363 1203 1413 partas.
1249 1360 1415 1401 Carmen
1438 1363 1564 1414 igitur
1588 1363 1850 1414 compositum

495 1430 556 1468 est
589 1429 684 1479 post
719 1427 887 1475 alteram
915 1427 1126 1467 victoriam
1154 1426 1366 1478 Pythicam
1403 1429 1443 1467 et
1479 1430 1570 1467 ante
1600 1427 1851 1479 Olympicum

495 1493 680 1543 alteram,
715 1494 763 1532 ut
796 1493 984 1543 quoniam
1018 1491 1120 1547 pyth
1153 1493 1208 1532 29
1241 1492 1480 1532 celebratam
1509 1505 1593 1533 esse
1613 1494 1782 1534 constat
1810 1493 1851 1534 ol

497 1559 564 1609 77,
590 1559 635 1609 3,
678 1558 842 1598 alterius
879 1558 1069 1597 victoriae
1104 1557 1297 1608 Pythicae
1338 1560 1507 1609 tempus
1534 1553 1643 1612 (κθ’)
1681 1572 1704 1597 ιι
1740 1558 1851 1599 schol

393 1630 463 1664 470
493 1623 576 1663 Vnt
621 1623 791 1663 fideliter
838 1622 1031 1663 traditum
1072 1635 1155 1663 esse
1197 1623 1421 1679 putandum
1467 1624 1532 1664 sit.
1598 1624 1704 1663 Nam
1746 1623 1851 1675 quod

495 1688 597 1740 pyth
630 1690 684 1728 23
721 1688 847 1728 tradit
878 1688 928 1738 Ο,
963 1691 1010 1728 ut
1044 1701 1117 1740 per
1151 1677 1320 1740 triginta
1360 1689 1444 1728 fere
1479 1693 1604 1729 annes
1643 1688 1850 1741 Ergoteles

494 1755 744 1794 iuventutem
773 1766 978 1805 superasse
1003 1766 1121 1795 eursu
1143 1753 1344 1805 videatur,
1373 1755 1608 1795 manifestus
1639 1766 1748 1795 error
1776 1757 1850 1809 >θεία

494 1814 646 1871 Bergk⁴=
682 1813 727 1873 (p
760 1820 798 1859 6.
832 1814 938 1874 129)
976 1821 1187 1870 utramque
1222 1819 1432 1860 victoriam
1467 1819 1679 1871 Pythicam
1713 1818 1851 1860 eodem

494 1887 671 1925 mercatu
694 1878 754 1938 (ol
781 1886 849 1935 77,
875 1879 922 1938 3)
944 1887 1103 1935 partam
1127 1897 1211 1925 esse
1237 1885 1394 1936 conicit,
1417 1885 1482 1924 cui
1505 1885 1752 1925 coniecturae
1770 1898 1851 1925 non

495 1951 736 2002 suffragatur
764 1949 972 1990 Pindarus.

308 2013 341 2054 Ο
366 2014 465 2054 XHI
499 2013 756 2066 Ξενοφῶντι
783 2013 988 2068 Κορινθίῳ
1013 2012 1305 2069 ςταδιοδρόμῳ
1323 2013 1394 2057 καὶ
1410 2013 1649 2069 πεντάθλῳ.
1664 2037 1719 2044 --
1735 2015 1849 2067 νική-

496 2092 612 2121 ςαντι
647 2079 728 2131 τὴν
758 2076 829 2121 σθ’
859 2077 941 2129 ὀλ.,
977 2094 1059 2121 non
1088 2081 1414 2121 dissentientibus
1447 2081 1573 2122 sehon
1602 2094 1630 2121 v
1662 2082 1707 2120 1:
1741 2078 1852 2121 κατὰ

394 2153 466 2185 464
495 2145 574 2196 τὴν
604 2142 675 2186 σθ’
704 2142 769 2186 ὀλ.
809 2145 890 2185 ·De
921 2146 1102 2188 Thessali
1135 2147 1264 2197 patris
1298 2146 1475 2186 victoriis
1505 2141 1583 2201 (35
1597 2141 1674 2200 ss),
1710 2158 1732 2185 e
1765 2146 1850 2198 qui·

494 2212 568 2251 bus
599 2225 720 2251 unam
750 2206 866 2265 (num
894 2211 1066 2262 primam
1094 2224 1238 2262 parum
1267 2213 1436 2261 constat,
1466 2211 1662 2261 puerilem
1692 2213 1851 2251 eonten-

495 2276 556 2315 dit
579 2276 707 2328 Iongh
729 2290 757 2327 p
782 2271 895 2330 528)
918 2275 1127 2327 Olympiae
1153 2277 1193 2316 ol
1217 2271 1283 2317 ἔθ’
1308 2278 1467 2327 partam
1491 2278 1691 2316 testanmr
1715 2276 1854 2327 sehon,

497 2355 524 2382 v
552 2342 646 2393 Aug
663 2342 883 2381 Mommsen
913 2341 1045 2392 Delph
1078 2342 1323 2381 157—159.

313 2397 357 2446 0'
371 2406 467 2446 XIV
496 2402 718 2459 Ἀςωπίχῳ
749 2403 1012 2459 Ὀρχομενίῳ
1049 2401 1213 2461 (ἑρχομ.
1250 2418 1353 2448 unus
1384 2418 1405 2445 e
1435 2405 1663 2458 Moschopp,
1700 2408 1852 2458 recepi&

281 2478 284 2481 ’
497 2472 558 2523 Ty
575 2466 814 2525 Mommsen)
846 2471 1004 2512 ςταδιεῖ
1028 2469 1147 2522 παιδὶ
1172 2465 1430 2521 Κλεοδάμου.
1451 2493 1508 2499 -
1528 2472 1738 2522 νικήςαντι
1769 2468 1849 2528 (νι-

497 2537 643 2586 κῶντι,
687 2534 849 2586 ἑνίκηςε
884 2532 1073 2591 ςτάδιον)
1111 2536 1190 2587 τὴν
1226 2531 1296 2586 ος’
1327 2533 1391 2577 ὀλ.
1432 2531 1672 2592 (BO'EFG
1687 2538 1739 2588 V,
1782 2533 1878 2580 ol&

398 2609 468 2641 476
499 2602 604 2641 inser
626 2601 669 2640 D
695 2613 716 2640 e
738 2601 842 2641 duob
868 2601 1047 2652 Thomm,
1071 2596 1141 2652 ος’
1161 2615 1208 2642 ex
1233 2596 1379 2657 οζ’Ξ).
1430 2602 1596 2643 Carmen
1619 2603 1744 2655 igitur
1762 2604 1847 2643 476

496 2667 608 2706 brevi
645 2669 736 2706 ante
772 2670 912 2718 poetae
948 2669 1026 2708 iter
1057 2668 1233 2708 Siculum
1262 2668 1421 2710 videtur
1456 2681 1540 2709 esse
1577 2669 1849 2719 compositum.

952 2780 1186 2822 PYTHIA

385 2861 418 2901 P
448 2861 469 2916 1
497 2858 653 2912 Ἱέρωνι
690 2860 871 2917 Αἰτναίῳ
916 2863 942 2914 ἢ
987 2862 1258 2917 Συρακουςίῳ
1301 2860 1454 2914 ἅρματι
1495 2861 1637 2905 Πύθια
1679 2862 1851 2911 GDEG

498 2922 648 2982 (πύθια
679 2958 688 2967 .
708 2958 717 2968 .
739 2959 747 2968 .
779 2925 832 2977 (Τγ
871 2942 918 2968 ex
949 2929 1022 2968 cod
1052 2929 1149 2969 Gott
1179 2929 1358 2969 enotavit
1387 2929 1449 2980 Τγ
1471 2929 1708 2979 Mommsen,
1746 2928 1850 2969 unde
