2014 3360
222 666 294 700 4¹10

684 211 1057 251 PROLEGOJOENA
1080 211 1135 249 tv
1640 208 1699 254 63

323 328 460 382 Bergk
498 326 769 390 oiympiedem
803 326 1048 379 adscriptam
1083 326 1207 366 fuisse
1245 324 1483 376 suspicatur.
1544 323 1603 364 At
1633 336 1698 363 ex-

322 394 451 436 hiberi
487 392 619 435 πύθια
651 406 697 434 ·:·
727 394 849 434 meris
887 392 1132 433 ornamentis
1153 390 1317 431 ‘additis
1355 403 1437 431 uno
1474 390 1592 442 qumi
1631 402 1699 430 ore

322 461 525 502 testum·
549 460 620 511 qui
643 472 734 500 mea.
758 459 892 512 gratia.
923 458 1099 499 codicem
1129 458 1389 510 inspexerunt
1420 451 1569 512 amici).
1613 452 1698 496 ἑνί-

315 534 423 577 ·κηςε
460 524 509 567 δὲ
548 523 575 566 ὁ
604 523 749 577 Ἱέρων
779 524 858 575 τὴν
890 523 970 575 μὲν
1008 519 1076 574 κς’
1109 518 1167 580 (0
1178 524 1230 575 V,
1266 518 1332 574 κς’
1368 520 1495 573 ἕκτην
1524 516 1587 578 Ε)
1618 533 1699 563 πυ-

325 588 453 633 θιάδα
489 589 560 632 καὶ
594 590 675 642 τὴν
712 588 809 641 ἑξῆς
846 588 1009 642 κέλητι,
1047 589 1126 641 τὴν
1161 588 1211 631 δὲ
1242 585 1312 631 κθ’
1341 582 1448 644 (ΟΕ
1460 583 1513 644 V)
1545 584 1700 638 ἅρματι

325 651 387 713 (01
413 659 483 708 77,
502 652 561 713 3).
624 655 752 704 Quem
788 670 940 697 annum
976 656 1012 698 si
1046 656 1289 706 tenebimus,
1326 668 1373 695 eo
1409 657 1589 706 tempore
1621 666 1701 706 quo
1732 690 1733 693 ,

324 723 549 764 cantaverit
571 724 693 775 poeta
717 734 877 764 carmen
901 722 935 762 P
959 722 993 773 Ι,
1016 722 1109 763 inde
1136 735 1160 762 a
1183 722 1291 762 bello
1309 720 1462 761 Punico
1481 714 1528 775 (v
1542 714 1700 776 7279)

325 790 462 831 decem
492 801 636 840 annos,
668 787 762 828 inde
793 789 843 829 ab
874 788 1031 828 Aetnae
1061 789 1212 829 montis
1244 781 1291 843 (v
1324 788 1380 827 13
1401 781 1460 843 ss)
1492 786 1701 838 erupssione

324 855 574 897 nobilissima
604 856 677 895 aut
704 854 797 907 plus
829 855 920 894 octo
952 867 1077 895 annos
1108 849 1195 910 (sec
1218 854 1431 894 Mai-moris
1455 852 1567 892 Parii
1597 864 1702 892 com·

327 925 491 975 putum,
521 920 569 961 de
601 933 682 972 quo
711 934 739 961 v
768 919 915 960 Busolt
945 920 1082 973 griech
1113 919 1244 961 Gesch
1271 920 1387 960 1888
1419 919 1463 959 Π
1490 920 1574 959 279
1600 931 1629 958 ιι
1653 913 1702 974 4)

326 991 398 1030 aut
434 988 527 1041 plus
570 988 747 1039 quinque
787 980 874 1041 (sec
903 986 1016 1026 Thuc
1045 986 1110 1026 111
1143 981 1269 1042 116),
1312 986 1362 1026 ab
1398 985 1555 1026 Aetnae
1592 984 1703 1025 urbis

327 1056 482 1108 origine
513 1048 640 1109 (Diod
669 1052 728 1093 XI
759 1053 829 1092 48.
855 1046 935 1107 49)
967 1054 1039 1092 aut
1068 1065 1137 1093 sex
1169 1054 1242 1092 aut
1270 1052 1404 1092 minus
1436 1064 1523 1102 sex,
1559 1052 1648 1091 tum
1679 1063 1704 1090 a.

323 1122 431 1163 bello
464 1120 642 1162 Cumano
673 1113 746 1174 (w
779 1119 834 1158 72
854 1129 912 1168 ss,
949 1117 1056 1158 Diod
1086 1118 1145 1158 XI
1177 1113 1255 1173 51)
1293 1119 1499 1169 quattuor,
1536 1131 1560 1157 a
1595 1117 1703 1157 bello

325 1188 496 1239 denique
523 1185 790 1239 Agrigentino
808 1178 936 1239 (Diod
959 1183 1019 1223 XI
1037 1184 1108 1234 53,
1127 1179 1279 1239 4—5)‚
1305 1183 1356 1223 ad
1381 1183 1489 1235 quod
1513 1196 1567 1224 vv
1587 1183 1645 1223 50
1664 1195 1704 1224 ss

326 1253 546 1295 rectissime
582 1251 743 1293 ressttssit
772 1250 971 1303 Borgkius
1009 1243 1130 1304 (adde
1169 1262 1272 1301 quae
1302 1249 1439 1290 Philol
1472 1250 1542 1300 53,
1575 1250 1706 1300 1894,

328 1322 414 1361 725
434 1333 474 1361 ss
498 1312 825 1373 disputavimus),
849 1316 949 1357 duos
969 1328 1094 1356 annos
1113 1317 1273 1356 exactos
1291 1316 1416 1356 fuisse
1442 1314 1704 1356 concedamus

327 1399 485 1428 necesse
513 1386 585 1426 ost.
635 1383 744 1432 Quae
775 1385 1001 1435 temporum
1032 1383 1165 1433 spatia
1197 1393 1287 1422 cum
1320 1382 1436 1422 nobis
1474 1382 1705 1422 celeriorem

327 1455 376 1493 ut
418 1453 533 1493 aiunt
571 1451 700 1492 vitam
742 1449 971 1490 viventibus
1012 1447 1227 1488 admodum
1268 1461 1417 1499 magna
1459 1447 1705 1498 viderentur,

327 1520 492 1559 filerunt
523 1518 593 1570 qui
627 1517 793 1569 propter
828 1515 872 1555 id
907 1515 1042 1567 ipsum
1079 1527 1104 1554 a
1139 1513 1291 1554 tradita
1319 1512 1535 1565 pythiades
1565 1525 1703 1553 nume-

326 1585 444 1626 randi
460 1585 617 1624 ratione
640 1581 929 1624 abscedendum
946 1581 1150 1633 putarent,
1169 1592 1339 1631 quorum
1364 1579 1532 1632 signifer
1555 1580 1704 1619 nostris

328 1651 574 1703 temporibus
618 1649 773 1689 exstitit
813 1647 923 1699 Leop
957 1646 1155 1696 Schmidt,
1199 1646 1268 1697 qui
1312 1658 1403 1685 cum
1449 1645 1703 1697 Bergkianae

326 1718 430 1758 thesi
456 1711 609 1771 (Philol
632 1709 749 1770 XIV)
779 1714 934 1754 diffisus
969 1725 1073 1753 anno
1101 1713 1215 1752 1862
1248 1711 1442 1751 Boeckhii
1473 1710 1626 1751 calculo
1657 1705 1705 1766 (v

328 1783 526 1836 im1)rimis
563 1781 671 1833 expll
709 1775 816 1836 206)
853 1780 1003 1820 librum
1044 1778 1094 1818 de
1129 1777 1297 1818 Pindari
1333 1778 1420 1818 vita
1464 1779 1506 1818 et
1542 1778 1703 1828 scriptis

330 1849 678 1902 superstruxisset,
715 1847 838 1887 etiam
872 1847 967 1898 post
1001 1845 1227 1885 luculentas
1263 1843 1432 1896 Bergkfi
1467 1838 1624 1899 (⁸1865
1663 1844 1707 1883 et

327 1909 487 1971 ι1878)
514 1913 880 1967 argimentationes
911 1924 1038 1964 usque
1071 1910 1122 1950 ad
1151 1911 1261 1952 vitae
1285 1909 1407 1950 finem
1435 1910 1480 1949 in
1504 1909 1705 1950 sententia

329 1994 404 2023 sua
442 1981 519 2021 sibi
559 1979 822 2032 perstandum
862 1977 1108 2019 existimavit
1151 1971 1302 2032 (comm
1342 1975 1490 2028 philon
1538 1976 1582 2015 in
1623 1974 1706 2016 hon

329 2047 467 2088 Theod
496 2046 734 2086 Mommseni
767 2045 902 2095 1878,
938 2043 1036 2084 indd
1070 2036 1421 2096 Marb'1880l81
1468 2044 1510 2082 οὺ
1556 2036 1705 2097 1887).

329 2114 429 2155 Post
451 2111 701 2165 Leopoldum
724 2112 759 2153 si
785 2112 855 2163 qui
880 2111 952 2151 alii
976 2122 1088 2151 secus
1112 2109 1390 2149 iudicaverant
1414 2122 1439 2148 a
1463 2106 1705 2159 Bacchylide

330 2180 509 2221 redivivo
539 2179 639 2220 vieti
665 2166 769 2219 'Sint
804 2179 966 2230 praeter
998 2175 1217 2217 Christium
1246 2169 1426 2230 (Sitzgsb
1455 2174 1557 2226 bayr
1587 2172 1706 2214 Akad

335 2247 464 2297 1898,
489 2246 514 2285 6
536 2239 615 2301 ss);
645 2245 688 2285 cf
716 2256 818 2296 quae
850 2243 902 2283 ad
930 2244 1038 2284 inser
1068 2241 1102 2283 Ο
1133 2242 1156 2282 Ι
1186 2241 1479 2282 adnotavimus.

107 2363 112 2367 ‚
195 2313 229 2354 P
259 2313 302 2354 11
332 2310 405 2367 Τῷ
446 2308 565 2366 αὐτῷ
601 2311 696 2352 DE
706 2311 759 2362 V,
802 2307 963 2361 Ἱέρωνι
1000 2306 1154 2360 ἅρματι
1189 2307 1268 2349 add
1295 2308 1419 2358 Rom,
1453 2304 1612 2357 Ἱέρωνι
1642 2306 1706 2359 τῷ

163 2434 183 2457 8

332 2376 463 2433 αὐτῷ,
487 2375 641 2429 ἅρματι
663 2376 706 2428 Ο,
729 2374 819 2428 Ἱέρ.
842 2372 1090 2429 Συρακοςίῳ
1115 2372 1210 2426 ἅρμ.
1237 2374 1314 2414 edd
1336 2375 1432 2426 post
1448 2372 1706 2414 Bocckhium.

333 2468 390 2474 -
411 2442 575 2495 ἄδηλον
606 2442 655 2484 δὲ
688 2440 750 2484 εἰς
780 2442 912 2484 ποῖον
944 2438 1113 2492 ἀγῶνα·
1144 2437 1452 2482 διεςταςίαςται
1483 2434 1634 2495 (διαςτ.
1663 2438 1707 2489 C,

334 2507 639 2552 διςταςιάζεται
681 2504 804 2564 Rom)
853 2505 937 2559 γὰρ
981 2504 1035 2548 οὐ
1081 2504 1263 2558 μετρίως
1305 2506 1399 2547 τοῖς
1442 2503 1530 2557 πρὸ
1572 2503 1707 2556 ἡμῶν.

333 2575 375 2619 οἱ
409 2575 487 2629 μὲν
516 2573 600 2626 γὰρ
631 2572 735 2616 οὐδὲ
766 2572 883 2615 ὅλως
911 2570 1106 2614 ἐπίνικον
1137 2569 1273 2613 αὐτόν
1309 2583 1441 2623 φαςιν
1479 2567 1604 2621 εἶναι,
1636 2567 1706 2612 Τί·-

334 2653 458 2694 μαιος
500 2640 549 2682 δὲ
594 2638 887 2691 θυςιαςτήριον
931 2634 1222 2693 (θυςιατήριον
1264 2637 1314 2690 G,
1359 2636 1623 2687 θυςιαςτικήν
1666 2637 1709 2676 et

337 2706 558 2759 Νεμεακήν
590 2708 654 2747 ceb
684 2700 764 2761 E),
809 2701 1079 2754 Καλλίμαχος
1116 2702 1165 2743 δὲ
1198 2699 1421 2752 Νεμεακόν
1459 2697 1584 2757 (unde
1616 2715 1706 2743 con-

335 2776 434 2815 icias
475 2775 559 2814 iam
597 2771 887 2813 Callimachum
926 2769 1022 2810 odas
1067 2767 1261 2819 quasdam
1302 2768 1410 2807 inter
1453 2766 1713 2817 κεχωριςμέ-’

338 2851 417 2881 νας
453 2834 696 2894 rettulisse),
734 2832 970 2888 Ἀμμώνιος
1007 2833 1055 2874 δὲ
1093 2831 1163 2874 καὶ
1203 2831 1515 2882 Καλλίςτρατος
1551 2829 1705 2888 Ὀᾉυμ-

251 2932 254 2935 -
336 2902 495 2946 πιακόν
535 2899 603 2960 (ut
639 2905 679 2944 ol
714 2904 766 2944 78
805 2903 957 2942 factum
993 2911 1152 2940 necesse
1190 2892 1332 2953 esset),
1368 2894 1476 2938 ἔνιοι
1512 2894 1706 2938 Πυθικόν

337 2965 423 3026 (om
456 2969 491 3011 0
511 2965 653 3026 Rom),
689 2967 750 3010 ὡς
781 2964 945 3024 (ὥςπερ
979 2965 1028 3018 Ο,
1066 2962 1127 3005 ὡς
1157 2962 1226 3005 καὶ
1256 2958 1379 3019 Rom)
1410 2958 1699 3006 Ἀπολλώνιος
