2014 3360
286 180 378 223 506
953 177 1200 215 APPENDIX

287 299 398 322 suum
423 286 654 332 equestrium
684 286 943 333 longitudines
975 265 1162 330 evaserint
1193 285 1245 321 ali
1248 288 1389 331 quanto
1420 286 1606 323 minores:
1638 286 1717 324 fere
1741 285 1794 322 111
1815 286 1868 325 IX

287 335 374 371 XIII
399 335 535 379 kilom,
566 346 640 370 non
673 334 786 370 sicuti
817 346 866 380 ap
868 334 920 370 ud
950 345 1020 370 nos
1043 333 1095 369 IV
1115 326 1183 368 ΧΠ
1202 332 1332 369 XVIII.
1372 333 1514 376 Quibus
1545 333 1756 372 rationibus
1781 333 1867 370 sub-

289 383 441 428 scripsit
466 382 621 428 Stengel
646 382 697 418 Gr
718 382 988 418 Kultusaltert⁸
1008 385 1112 426 1920,
1133 385 1199 417 207

738 495 804 534 De
830 495 1094 534 carminum
1119 493 1422 544 temporibus

215 583 269 611 47³
408 586 433 619 p
449 573 499 608 56
526 573 575 608 ad
595 572 732 618 Olymp
752 573 783 609 Ι·
805 573 842 609 ol
861 572 919 616 ος’
933 573 1096 608 testatur
1114 572 1180 607 ind
1203 571 1348 617 Oxyrh3
1367 573 1469 608 recte
1489 575 1558 607 476
1578 572 1696 618 igitur
1713 572 1870 611 fecimus

291 633 373 656 cum
401 621 563 666 Bergkio
590 621 670 656 solo

408 669 496 714 p57
525 668 597 704 111
626 668 673 704 ab
700 668 774 703 ult.
802 669 837 725 (v
856 667 956 703 infra
981 669 1030 703 ad
1056 668 1156 703 inser
1175 667 1205 703 Ο
1229 667 1273 703 Χ.
1287 667 1339 703 XI
1363 667 1451 712 adn)

408 728 434 762 p
449 716 498 752 57
528 716 577 751 ad
598 715 627 751 Ο
648 716 698 751 II:
726 716 763 752 ol
780 713 837 759 ος’
867 716 935 751 ind
961 715 1106 760 Oxyrh·
1137 716 1239 751 recte
1264 715 1382 761 igitur
1407 725 1427 750 e
1453 715 1600 751 duabus
1625 726 1723 760 quae
1746 715 1874 752 trade.-

216 775 269 801 476
289 764 428 800 bantur
458 763 738 818 olympiadibus
769 764 933 809 priorem
964 763 1264 809 praeoptavimus
1296 774 1382 798 cum
1407 762 1597 799 Boeckhio
1630 764 1669 799 et
1695 763 1871 810 Bergkio.

291 812 506 848 Carminum
532 811 701 847 ordinem
728 812 757 847 O
777 812 793 847 I
813 812 863 847 III
881 812 915 847 II
940 811 1056 847 fuisse
1081 812 1193 856 putat
1219 810 1296 845 Wil
1322 810 1418 845 Pind
1438 814 1518 847 232.
1534 814 1603 846 240

409 873 434 906 p
454 860 505 896 58
532 860 581 895 ad
607 859 636 895 Ο
658 860 718 895 IV.
740 859 791 895 V:
818 861 962 904 Ψαῦμι(
982 859 1083 905 quod
1103 870 1152 904 ap
1173 859 1358 904 chronogr
1378 857 1504 904 Oxyrh
1523 861 1614 905 (pap
1629 860 1712 904 222)
1738 860 1872 902 (duwe

289 908 415 952 audit,
447 907 496 943 ad
527 907 730 943 barbarum
754 918 890 943 nomen
916 906 1099 943 hellenice
1124 906 1352 942 translatum
1382 906 1498 942 refert
1529 906 1607 942 Wil
1625 906 1723 942 Pind
1741 910 1811 943 417
1837 907 1874 944 cl

287 957 405 1001 Ψάπφ
409 967 461 992 αι
482 956 639 1000 Εαπφώ.
678 956 732 990 De
762 955 928 991 victoriis
959 955 1167 990 mularibus
1199 966 1285 990 cum
1315 953 1412 989 nihil
1443 955 1543 990 esset
1572 954 1612 989 in
1645 954 1873 1000 anagraphis

289 1003 545 1047 sollemnibus,
572 1003 811 1050 grammatici
838 1003 986 1048 antiqui
1013 1014 1164 1039 carmen
1188 1002 1238 1038 IV
1265 1002 1460 1048 quadrigis
1485 1002 1702 1038 victricibus
1721 1002 1872 1039 dedica—

289 1054 372 1087 tum
396 1051 648 1097 interpretati,
676 1052 834 1097 excepto
860 1062 934 1086 uno
961 1061 1081 1096 neque
1107 1051 1259 1086 indocto
1286 1061 1408 1095 neque
1433 1050 1665 1106 imprudenti
1691 1050 1727 1086 A
1752 1050 1800 1086 ad
1826 1050 1873 1087 Ol

291 1099 323 1133 V
344 1099 407 1135 19d
433 1101 471 1144 (p
488 1102 632 1143 144,17
654 1099 737 1144 Dr),
763 1100 965 1144 utrumque
991 1110 1142 1134 carmen
1168 1098 1203 1134 ei
1229 1097 1448 1143 Olympiadi
1474 1095 1569 1145 (πβ’)
1595 1098 1874 1143 adscripserunt

288 1158 400 1192 quam
433 1147 550 1183 solam
583 1147 623 1182 in
654 1147 779 1182 indice
810 1150 870 1192 (=
889 1145 955 1191 πβ’
984 1146 1123 1192 Oxyrh)
1156 1146 1378 1182 adnotatam
1403 1145 1634 1182 invenerunt.
1672 1146 1874 1192 Perperam

289 1195 347 1230 illi
373 1194 537 1240 quidem.
575 1194 674 1230 Nam
693 1194 816 1230 verbis
834 1197 1016 1231 λοιπαῖς
1036 1196 1162 1239 εὐχαῖς
1180 1194 1231 1230 IV
1252 1198 1295 1229 13
1317 1196 1354 1229 et
1374 1195 1472 1238 μάλα
1493 1195 1558 1238 μὲν
1577 1198 1736 1239 τροφαῖς
1756 1196 1874 1231 ἑτοῖ-

290 1255 372 1287 μον
396 1244 523 1279 ἵππων
551 1246 595 1278 14
620 1263 666 1270 -
691 1242 790 1277 nihil
813 1244 857 1278 ut
882 1242 1007 1278 dicam
1034 1243 1080 1278 de
1105 1241 1297 1278 vocabulis
1324 1243 1445 1285 ὀχέων
1470 1231 1521 1278 1'V
1542 1246 1604 1286 11,
1630 1244 1744 1287 ὄκχον
1770 1241 1800 1278 O
1821 1241 1874 1278 VI

289 1295 365 1326 240
390 1290 509 1326 scholl
529 1294 590 1326 39ο
592 1292 751 1335 ,ὄχημα
784 1290 818 1325 fr
840 1293 918 1334 106,
933 1294 953 1325 6
981 1290 1016 1325 01
1042 1290 1223 1326 Boeckhii
1250 1289 1351 1335 expll
1372 1293 1439 1325 143
1466 1301 1660 1335 nunquam
1685 1301 1734 1335 ap
1760 1289 1789 1326 P
1814 1291 1872 1327 τέ-

288 1343 450 1383 θριππον
475 1320 777 1385 significantibus
804 1359 848 1365 —
875 1319 1041 1374 ciii-ulem
1067 1338 1263 1374 victoriam
1288 1337 1496 1372 desiderari
1521 1337 1646 1384 potius
1673 1348 1788 1382 quam
1812 1349 1872 1374 ce·

289 1386 428 1422 lebrari
452 1386 546 1421 mihi
577 1386 733 1431 quidem
763 1386 981 1421 etiamnunc
1007 1386 1172 1428 videtur,
1204 1385 1317 1420 sicuti
1349 1384 1440 1421 olim
1465 1385 1629 1429 Phil53,
1657 1389 1760 1429 1894,
1788 1388 1870 1430 728,

287 1437 370 1469 tum
395 1434 435 1469 in
459 1434 548 1469 libri
575 1433 800 1479 Gaspariani
826 1445 983 1469 censura
998 1434 1117 1470 Woch
1141 1414 1182 1469 k'l
1201 1433 1287 1469 Phil
1310 1436 1413 1477 1901,
1435 1436 1516 1476 595,
1537 1414 1729 1488 denique
1717 1445 1758 1469 in
1777 1436 1873 1470 tem-

288 1494 422 1528 porum
447 1481 573 1517 indice
599 1482 646 1517 ed
672 1481 750 1516 min
776 1484 814 1527 (p
834 1482 910 1527 XI),
936 1481 1002 1517 ubi
1027 1483 1066 1527 (p
1081 1483 1141 1527 24)
1166 1492 1234 1527 per
1259 1492 1421 1517 errorem
1447 1481 1573 1517 nescio
1598 1493 1710 1527 quem
1735 1482 1872 1526 ἅρματι

288 1530 464 1575 inscripsi
484 1531 519 1575 (v
538 1529 552 1564 1
571 1541 646 1565 non
665 1529 821 1575 addita).
847 1529 968 1565 Aliter
987 1529 1107 1565 visum
1127 1531 1184 1565 est
1203 1528 1495 1564 Wilamowitzio
1514 1529 1579 1574 (Ar
1597 1541 1623 1564 u
1642 1529 1718 1564 Ath
1737 1529 1772 1564 II
1791 1532 1873 1574 302,

288 1578 385 1613 Pind
412 1580 509 1623 417),
534 1577 663 1623 Lipsio
686 1577 802 1621 (Beitr
820 1577 913 1623 pind
933 1577 1095 1614 Chronol
1115 1595 1159 1607 =
1180 1577 1253 1612 Ber
1272 1576 1382 1612 sache
1403 1577 1475 1612 Ges
1489 1576 1590 1613 Wiss
1613 1581 1717 1620 1900,
1732 1578 1780 1623 2),
1799 1577 1873 1612 Βο-

288 1626 393 1662 berto
419 1626 546 1673 (Herm
566 1629 623 1670 35,
646 1628 748 1664 1900,
765 1628 858 1671 185),
878 1625 1008 1661 Κὸτῒίο
1028 1624 1142 1672 (GGA
1158 1628 1262 1669 1901,
1277 1627 1371 1670 662).
1403 1624 1523 1660 Nobis
1548 1624 1677 1670 igitur,
1698 1624 1748 1660 cll
1765 1635 1873 1670 prae-

289 1673 419 1709 sertim
445 1674 495 1709 IV
516 1677 555 1709 11
587 1685 671 1709 cum
696 1672 731 1709 V
751 1677 784 1718 3,
808 1675 1011 1718 utrumque
1042 1684 1192 1709 carmen
1224 1673 1273 1708 ad
1305 1672 1487 1708 mularem
1514 1672 1726 1708 Psaumidis
1757 1673 1873 1708 victo—

192 1730 269 1757 4561·
288 1721 383 1757 riam
409 1721 601 1767 pertinens
628 1721 760 1757 cadere
784 1721 936 1757 videtur
960 1722 999 1756 in
1025 1721 1151 1766 olymp
1178 1720 1409 1766 octogesima
1434 1720 1554 1756 altera
1582 1722 1737 1766 (=‹162)
1763 1732 1871 1766 supe-

287 1770 437 1805 riorem.
476 1768 657 1812 Quartum
678 1771 805 1805 autem
825 1780 976 1804 carmen
994 1769 1137 1815 hospiti
1157 1779 1242 1804 caro
1263 1768 1479 1804 dedicatum
1499 1769 1687 1804 suavitate
1706 1768 1872 1814 quadam

286 1817 438 1863 insigne
462 1817 573 1862 longe
600 1817 715 1852 aliam
741 1828 784 1852 ac
809 1817 984 1861 quintum
1010 1828 1094 1852 cum
1114 1816 1278 1860 omnino,
1304 1818 1387 1851 tum
1405 1816 1567 1852 maxime
1591 1816 1715 1852 verbis
1740 1816 1871 1852 admo-

289 1865 378 1900 dum
410 1865 539 1911 inepte
572 1865 730 1900 adiectis
761 1866 888 1901 ἵπποις
913 1867 1082 1910 ἡμιόνοις
1105 1876 1147 1901 τε
1174 1864 1412 1910 μοναμπυκίᾳ
1445 1876 1487 1900 τε
1518 1866 1585 1910 (7),
1617 1864 1752 1909 resipit
1782 1863 1871 1900 fari-

281 1923 387 1957 nam,
426 1914 469 1948 ut
499 1912 687 1949 immerito
720 1912 928 1948 Pindaricis
960 1912 1163 1948 inseruisse
1190 1912 1373 1957 Didymus
1402 1911 1583 1948 videatur.
1623 1911 1696 1947 Sed
1729 1912 1870 1958 optime

290 1960 448 2005 accidit,
478 1960 580 2006 quod
611 1960 874 1996 additamento
906 1960 972 1996 illo
998 1961 1191 2004 docemur,
1225 1971 1299 2005 quo
1325 1959 1510 1995 Pindarus
1536 1961 1647 2005 pacto
1674 1959 1726 1996 IV
1745 1963 1789 1995 21
1823 1959 1870 1995 de

289 2007 425 2044 mulari
451 2008 606 2044 victoria
630 2009 755 2044 dicere
779 2008 961 2053 potuerit,
988 2010 1115 2045 ἔλυςεν
1141 2009 1178 2045 ἐξ
1205 2008 1362 2052 ἀτιμίας.

408 2068 432 2101 p
453 2056 503 2093 59
529 2056 577 2092 ad
604 2055 633 2092 O
658 2056 722 2091 VI:
749 2055 805 2091 Ne
832 2056 955 2092 denuo
981 2057 1135 2102 quidem
1159 2055 1360 2100 pensitatis
1387 2055 1452 2099 eis,
1479 2066 1575 2100 quae
1602 2055 1871 2100 circumspecte

290 2104 479 2139 enarravit
510 2103 656 2148 Gaspar
681 2105 765 2149 (125
778 2115 824 2139 ss.
849 2106 947 2150 137),
973 2103 1117 2147 inveni,
1151 2115 1217 2139 cur
1247 2103 1437 2149 plerisque
1470 2114 1513 2138 vv
1540 2103 1591 2138 dd
1623 2102 1711 2138 inde
1736 2113 1759 2138 a
1788 2102 1870 2138 Wi-

288 2151 515 2187 lamowitzio
547 2151 652 2196 (Isyll
684 2155 769 2195 172,
802 2151 949 2197 Sitzgsb
978 2155 1087 2196 1901,
1123 2155 1225 2194 1302,
1255 2150 1347 2185 Pind
1375 2152 1471 2196 307),
1507 2150 1545 2186 01
1572 2154 1615 2186 78
1647 2151 1871 2196 praeoptan-

191 2208 271 2240 [4⁶8]
291 2200 394 2235 tibus
427 2199 636 2234 assentirer.
674 2198 772 2234 Nam
803 2199 940 2244 quibus
973 2199 1019 2234 de
1049 2199 1173 2235 causis
1205 2198 1328 2245 magis
1363 2198 1529 2234 arridere
1564 2201 1676 2244 poeta
1699 2198 1872 2234 videatur

289 2247 370 2294 96s‘1
398 2246 599 2283 Hieronem
619 2246 841 2292 simpliciter
860 2258 904 2283 ac
930 2247 1073 2283 sincere
1093 2246 1261 2282 salutans
1287 2247 1375 2282 ante
1394 2246 1493 2293 regis
1519 2246 1714 2282 victoriam
1740 2245 1790 2291 (ol
1811 2248 1870 2292 78)

288 2294 511 2341 Bacchylidi
537 2295 585 2330 ad
613 2295 825 2330 canendum
850 2295 1085 2337 mandatam,
1113 2306 1196 2331 cum
1222 2294 1304 2340 ipse
1328 2305 1403 2329 non
1429 2294 1581 2329 disertis
1606 2293 1730 2330 verbis
1756 2304 1871 2340 expo-

289 2343 444 2387 suerim,
476 2344 577 2378 recte
609 2342 825 2388 explanavit
855 2342 957 2378 idem
988 2342 1152 2378 sentiens
1181 2342 1295 2378 Korte
1321 2341 1421 2377 GGA
1443 2345 1546 2386 1901,
1569 2345 1655 2386 964,
1688 2342 1728 2376 cf
1755 2341 1869 2377 etiam

288 2390 387 2426 infra
406 2391 460 2425 ad
487 2390 570 2425 dith
595 2394 640 2426 83
661 2393 792 2436 tempp
812 2390 898 2426 adn.
931 2390 1036 2433 Quae
1061 2391 1094 2426 si
1112 2389 1343 2436 probaveris,
1363 2390 1441 2425 iam
1461 2391 1637 2433 ἁδύλογοι
1656 2391 1762 2434 λύραι
1782 2392 1869 2434 μολ-

287 2439 354 2475 παί
378 2450 420 2474 τε
444 2440 664 2482 γινώςκοντι
694 2438 790 2473 bene
821 2439 1041 2473 memoriam
1073 2439 1250 2474 revocant
1282 2437 1489 2473 carminum
1522 2448 1595 2472 non
1622 2437 1717 2482 Pyth
1743 2438 1776 2480 I,
1801 2437 1869 2473 sed

198 2495 272 2521 472?
292 2486 322 2522 O
341 2486 358 2520 I
376 2486 438 2528 III,
463 2486 493 2520 P
511 2486 543 2520 II
562 2486 624 2529 III,
653 2486 764 2521 verba
789 2487 916 2521 autem
940 2487 1065 2531 Ζηνὸς
1090 2487 1264 2523 Αἰτναίου
1285 2486 1422 2531 κράτος
1440 2487 1526 2530 (96),
1545 2487 1587 2520 ut
1605 2485 1680 2520 iam
1701 2485 1871 2522 Αἰτναῖος

289 2535 394 2570 ξένος
419 2533 462 2579 (P
481 2533 532 2569 111
553 2535 624 2579 69),
650 2533 786 2570 leniter
810 2533 1040 2579 praeludunt
1065 2535 1234 2570 Aetnaeo
1259 2533 1418 2569 carmini
1444 2533 1577 2578 PythI

407 2593 432 2626 p
447 2580 499 2617 59
525 2582 573 2616 ad
600 2580 629 2617 O
651 2581 734 2617 VII:
768 2581 956 2628 Diagorae
982 2582 1129 2618 Rhodio
1162 2592 1277 2627 quam
1302 2580 1557 2626 olympiadem
1581 2580 1756 2616 tribuunt
1779 2579 1870 2616 libri

217 2637 271 2663 464
291 2629 373 2664 dett
397 2627 456 2666 οἵ
484 2639 546 2664 sec
570 2628 637 2664 ind
657 2628 782 2675 Oxyrh
808 2630 1010 2675 occupavit
1027 2629 1233 2674 Euthymus
1253 2628 1541 2675 Epizephyrius3
1562 2638 1675 2672 quam
1695 2628 1870 2663 meliores

289 2676 353 2713 σθ’
373 2676 483 2711 nobis
502 2676 713 2722 probatam,
733 2688 778 2712 ea
796 2689 872 2712 una
891 2688 977 2712 cum
996 2677 1034 2714 π’
1058 2677 1342 2721 (Alcimedontis
1362 2676 1392 2711 Ο
1412 2676 1506 2722 VIII)
1524 2675 1638 2721 periit
1654 2676 1694 2711 in
1713 2687 1866 2721 papyro.

217 2733 270 2759 460
408 2736 434 2770 p
448 2724 499 2759 60
520 2724 569 2759 ad
584 2723 613 2760 Ο
629 2724 728 2760 VIII:
750 2724 907 2760 Carmen
920 2724 1088 2770 Aeginae
1107 2725 1159 2770 (in
1175 2724 1382 2770 Olympico)
1402 2725 1595 2760 cantatum
1613 2734 1705 2767 esse,
1727 2722 1871 2769 ‘Olym-

289 2772 408 2855 piaran’
438 2771 588 2855 ¹‘emgliuls
619 2771 787 2855 issvtffari
819 2772 1036 2856 ἒὲέαῑίιόἕζῦ
1064 2773 1269 2808 arbitratur
1295 2775 1398 2816 1908,
1419 2772 1537 2819 330s9,
1568 2771 1665 2807 Pind
1684 2774 1766 2816 403,
1791 2771 1870 2807 dis-

290 2830 356 2855 sen
375 2830 437 2855 ien
457 2831 476 2855 e
537 2831 557 2855 ο
587 2830 627 2855 er
730 2830 806 2855 erm

409 2867 537 2913 p60l1
565 2867 612 2903 ad
640 2867 670 2903 Ο
690 2867 757 2902 IX:
790 2847 890 2903 Male
916 2821 1036 2904 schloll
1068 2868 1158 2904 dare
1183 2879 1234 2911 ογ
1272 2869 1370 2914 (488)
1401 2877 1529 2903 omnes
1559 2866 1638 2902 fere
1669 2877 1866 2913 perspexe-

290 2916 386 2951 runt.
426 2915 530 2958 Quae
553 2927 653 2951 nunc
677 2915 717 2950 in
742 2915 808 2950 ind
836 2915 962 2961 Oxyrh
988 2915 1198 2962 comparuit
1223 2914 1260 2951 ol
1286 2915 1351 2960 on'
1377 2916 1474 2961 (468)
1500 2915 1555 2950 ita
1581 2914 1755 2951 convenit
1781 2926 1867 2950 cum
