2014 3360
263 244 291 287 6
917 239 1164 277 PINDARVS

381 354 567 395 Omnium
609 354 790 405 denique,
819 353 1011 393 librorum
1048 351 1349 401 Pindaricorum
1392 363 1638 392 communem
1679 351 1832 391 fontem

263 422 418 461 mutato
448 420 667 460 carminum
695 418 953 459 Isthmiorum
982 418 1223 458 Nemeorum
1253 417 1388 457 ordine
1419 417 1615 469 insignem
1645 411 1712 470 (de
1735 415 1831 456 Am·

263 486 446 526 brosiana
475 486 700 525 recensione
730 484 836 523 infra
867 482 918 522 ad
949 482 1021 522 cod
1048 477 1105 537 V)
1143 482 1300 522 saeculo
1336 496 1364 534 p
1397 481 1474 522 chr
1503 495 1531 521 n
1560 482 1603 521 II
1637 494 1720 522 non
1749 493 1833 522 esse

266 551 528 602 antiquiorem
550 550 736 601 probavit
761 549 808 588 de
827 548 1094 588 Wilamowitz
1119 547 1203 586 Eur
1223 542 1325 587 Her²
1347 547 1368 586 I
1389 548 1484 587 184.
1522 546 1599 594 Qui
1622 547 1711 587 fons
1737 559 1833 598 quo-

264 629 358 655 nam
386 617 563 667 tempore
594 615 746 654 duobus
777 613 859 652 illis
887 613 985 652 rivis
1010 613 1192 652 diductus
1218 624 1301 652 esse
1325 612 1519 662 videatur,
1549 612 1729 663 quaestio
1760 611 1834 651 dif-

264 682 457 732 ficillima,
493 681 540 720 de
573 693 651 731 qua
681 679 966 731 pedetemptim
1001 690 1128 730 pauca
1164 677 1352 730 proposui
1382 676 1474 716 Phil
1506 678 1575 727 56,
1607 677 1736 728 1897,
1767 677 1836 728 94,

266 760 385 798 quam
414 746 599 799 persequi
629 746 669 784 et
698 744 967 796 Etymologici
998 742 1170 783 Genuini
1199 744 1240 782 et
1270 742 1508 782 scholiorum
1536 742 1836 782 Pindaricorum

267 824 364 864 quas
395 812 665 863 exspectamus
696 809 934 849 editionibus
966 809 1164 848 absolutis
1187 808 1355 848 fortasse
1385 808 1531 848 licebit.

383 876 444 916 De
475 876 642 928 singulis
673 875 872 915 codicibus
900 874 998 914 haec
1029 874 1218 914 adnotare
1249 873 1348 913 satis
1376 873 1502 913 habeo
1531 873 1649 926 plura
1673 872 1836 913 circum·

270 942 479 995 spicientes
511 941 562 981 ad
591 940 724 981 Philol
757 940 826 990 54,
859 940 986 984 1895,
1018 940 1103 978 274
1129 951 1168 979 ss
1196 933 1447 993 relegans*):

376 1021 448 1064 A*
473 1042 528 1056 =
553 1024 680 1064 Ambr
712 1022 742 1063 G
769 1023 853 1062 222
879 1023 956 1072 inf,
987 1022 1084 1062 olim
1115 1021 1277 1074 Georgii
1305 1021 1499 1071 Merulae,
1534 1020 1721 1072 bombyc,
1750 1033 1840 1061 saec

552 1089 654 1129 XIII
677 1089 732 1139 in,
763 1088 940 1128 continet
969 1086 1003 1127 Ο
1033 1086 1194 1126 I—XH
1227 1098 1248 1126 c
1278 1086 1403 1126 scholl
1433 1081 1752 1126 ‘Ambrosianis’.

379 1151 445 1196 0*
471 1172 527 1187 =
551 1154 666 1193 Paris
690 1167 738 1205 gr
765 1154 892 1203 2774,
923 1153 1020 1192 olim
1042 1152 1088 1192 Io
1111 1151 1312 1203 Laskaris,
1340 1151 1520 1202 bombyc‚
1551 1163 1640 1191 saec
1657 1150 1758 1191 XIII
1782 1163 1842 1201 ex,

458 1265 461 1267 μ
553 1219 729 1259 continet
761 1217 794 1258 O
819 1217 955 1257 I—P
979 1217 1019 1256 V
1045 1218 1098 1258 51
1133 1212 1222 1272 (67,
1253 1214 1398 1268 φρενί)
1430 1229 1452 1256 c
1481 1215 1616 1256 scholl.

362 1285 417 1324 M
472 1302 527 1316 =
552 1284 676 1324 Perus
701 1284 736 1323 B
756 1284 826 1333 43,
857 1283 982 1334 chart,
1011 1295 1100 1323 saec
1124 1282 1200 1322 XV
1224 1294 1288 1323 sec
1312 1283 1374 1333 Ty
1391 1282 1622 1331 Mommsen,
1651 1277 1842 1334 XVJXVI

552 1349 745 1401 Heiberg,
776 1349 953 1389 continet
982 1347 1015 1388 O
1039 1348 1218 1398 I—XII,
1253 1348 1287 1387 P
1311 1347 1450 1387 I-IV
1481 1342 1542 1402 (in
1568 1347 1726 1399 Pythiis
1755 1347 1840 1388 fere

556 1427 645 1454 cum
676 1414 749 1454 cod
774 1413 810 1454 0
838 1408 1076 1468 congruens)
1108 1426 1129 1453 c
1159 1413 1294 1453 scholl.

371 1480 419 1520 N
472 1497 527 1512 -·-—
553 1480 679 1519 Ambr
704 1479 737 1519 Ε
766 1479 850 1519 103
876 1491 963 1531 sup,
992 1480 1173 1530 bombyc,
1202 1492 1293 1520 saec
1321 1475 1552 1533 XHIJXIV,
1583 1480 1676 1519 cont
1699 1477 1835 1530 Olym-

554 1545 623 1596 pia
656 1559 677 1585 c
707 1545 843 1585 scholl.

383 1610 416 1650 Ο
476 1627 532 1642 =
556 1609 656 1650 Leid
686 1608 720 1656 Q
746 1611 787 1660 4,
817 1622 906 1650 saec
935 1609 1036 1650 XIII
1067 1623 1115 1650 ex
1145 1605 1226 1665 (Ty
1249 1611 1485 1661 Mommsen3
1517 1623 1591 1662 ego
1621 1622 1702 1650 non
1730 1603 1848 1664 vidi),

557 1677 649 1716 cont
679 1675 712 1715 Ο
737 1675 918 1715 Ι-ΧΠῙ
949 1689 970 1716 c
1000 1675 1125 1716 scholl
1155 1675 1189 1716 O
1213 1675 1406 1715 I—VIH.

383 1737 450 1781 V*
476 1758 532 1773 =
556 1741 670 1781 Paris
695 1755 743 1793 gr
769 1742 897 1792 2403,
925 1741 1105 1793 bombyc,
1137 1753 1226 1782 saec
1249 1741 1350 1781 XIII
1375 1754 1434 1791 ex,
1463 1740 1498 1782 O
1521 1741 1612 1781 1—
1629 1741 1670 1781 N
1693 1740 1753 1780 IV
1779 1741 1848 1790 68,

558 1806 597 1845 Ν
614 1805 675 1845 VI
694 1807 749 1846 38
774 1801 1133 1861 (δυνατοῦ-44
1160 1801 1340 1862 (ὄρεειν)
1371 1820 1393 1846 c
1423 1807 1559 1856 scholl,
1589 1820 1613 1846 a
1643 1819 1722 1857 quo
1752 1818 1847 1858 pen-

560 1871 651 1910 dere
676 1883 766 1910 cum
790 1871 861 1910 alii
884 1871 1081 1922 videntur,
1104 1874 1192 1912 tum
1213 1872 1334 1912 W=
1347 1871 1435 1912 Ven
1454 1871 1512 1911 IX
1531 1872 1571 1922 8,
1596 1871 1641 1910 X
1657 1887 1714 1903 =
1732 1869 1848 1910 Paris

563 1949 610 1988 gr
642 1937 770 1987 2709,
799 1936 837 1975 Ζ
859 1953 916 1969 =
944 1935 1041 1977 Caes
1071 1937 1230 1978 Vindob
1264 1938 1332 1977 58.

399 2012 529 2054 Codex
554 2013 592 2053 V
616 2014 758 2052 notatu
782 2013 846 2053 vel
874 2015 1085 2066 propterea
1109 2014 1378 2066 dignissimus,
1408 2013 1514 2064 quod
1538 2026 1628 2053 cum
1651 2013 1851 2053 Nemeaea

280 2091 380 2129 quae
411 2091 458 2118 ex
486 2078 712 2118 recensione
743 2078 834 2118 Non
842 2078 1054 2118 -Vaticana
1085 2079 1243 2119 exhibet
1272 2079 1448 2118 carmina
1477 2091 1560 2118 non
1588 2090 1699 2118 secus
1731 2079 1850 2128 atque

280 2140 496 2184 ‘Vaticani'
533 2143 685 2183 codices
720 2143 878 2195 Pythiis
914 2145 1147 2197 subiungat,
1187 2144 1460 2184 recensionum
1497 2143 1603 2195 quod
1637 2143 1851 2183 statuimus

281 2208 449 2249 schisma
487 2210 579 2261 post
614 2209 819 2249 turbatum
848 2210 1096 2250 voluminum
1127 2203 1320 2263 (OPIN)
1361 2208 1539 2249 ordinem
1577 2208 1728 2248 factum
1766 2219 1851 2248 esse

282 2274 389 2314 solus
418 2275 597 2314 testatur.

399 2338 527 2378 Venio
556 2351 662 2379 nunc
691 2339 742 2378 ad
773 2338 925 2379 codices
955 2338 1193 2378 Vaticanam
1222 2339 1490 2379 recensionem
1518 2339 1751 2380 referentes:

383 2411 456 2455 Β*
480 2433 537 2448 =
561 2415 644 2455 Vat
673 2429 721 2468 gr
744 2416 888 2472 1312,
919 2416 1015 2456 olim
1043 2416 1204 2467 Bembi,
1235 2417 1323 2456 tum
1352 2416 1456 2458 Fulv
1483 2415 1638 2468 Ursini,
1671 2415 1854 2468 bombyc,

565 2481 695 2520 forma
726 2481 939 2531 quadrata,
972 2493 1062 2520 saec
1089 2480 1170 2520 XII
1199 2493 1246 2521 ex
1277 2475 1477 2536 (Τζέτζου
1508 2494 1655 2522 nomen
1683 2481 1855 2522 occurrit

568 2546 589 2584 f
612 2546 718 2584 268*
748 2546 792 2584 in
821 2545 946 2586 scholl
975 2546 997 2584 Ι
1019 2545 1041 2585 I
1067 2541 1155 2601 5⁷),
1185 2545 1362 2586 continet
1390 2548 1549 2599 praeter
1577 2547 1740 2601 lacunas
1768 2546 1802 2588 Ο
1820 2547 1853 2587 L

569 2609 620 2659 V,
648 2609 682 2648 P
707 2609 740 2648 L
764 2609 824 2660 Π,
859 2610 881 2649 I
904 2610 1005 2650 VIII
1041 2625 1066 2651 a
1101 2612 1215 2652 nobis
1251 2612 1294 2651 in
1328 2613 1418 2652 nott
1453 2613 1548 2653 critt
1577 2613 1773 2662 indicatas
1803 2611 1854 2652 Ol

569 2673 632 2725 Py
661 2674 764 2715 Nem
793 2674 921 2716 Isthm
951 2689 972 2716 c
1003 2677 1128 2718 scholl
1159 2674 1408 2718 ‘Vaticanis’.

388 2739 459 2779 D·
485 2756 542 2771 =
572 2738 690 2779 Laur.
724 2741 792 2791 32,
819 2742 893 2792 52,
924 2741 1102 2794 chartac,
1125 2755 1213 2783 saec
1236 2743 1345 2794 XIV,
1375 2745 1468 2783 cont
1491 2742 1541 2784 Ol
1564 2743 1626 2795 Py
1656 2745 1697 2784 et
1727 2743 1855 2783 altera

570 2818 693 2845 manu
722 2807 820 2846 satis
844 2807 1100 2860 neglegenter
1123 2809 1273 2861 scripta
1296 2808 1400 2848 Nem
1422 2808 1550 2848 Isthm
1574 2821 1596 2849 c
1619 2804 1757 2858 scholl,
1787 2807 1853 2847 ad-

291 2916 564 3009 mign‘iziQuos
582 2917 699 2954 libros
716 2918 798 2964 ipse
818 2919 925 2956 annis
945 2923 1134 2957 1893-94
1148 2905 1319 2968 integros
1338 2920 1461 2957 denuo
1480 2919 1624 2958 contuli
1642 2918 1821 2956 asterisco
1837 2919 1855 2939 ·
