2014 3360
749 217 1122 256 PROLEGOMENA
1139 218 1174 254 11
1699 217 1721 258 l
1729 215 1754 258 7

163 337 288 377 fiiisse
325 335 513 388 opinatus
553 335 616 374 est
650 327 804 386 Bergk⁸
841 333 892 373 ad
923 332 957 373 Ο
988 331 1118 378 1119
1160 325 1339 386 (cautius
1378 329 1518 382 paullo
1556 329 1664 370 idem
1705 328 1757 369 ad

166 401 304 455 Sapph
334 402 373 442 fr
405 402 480 455 51,
506 395 574 457 4),
604 399 839 451 Bacchylidi
869 399 1032 451 quidem
1061 411 1143 438 non
1172 397 1306 437 minus
1343 409 1465 448 quam
1494 410 1522 436 v
1553 409 1575 436 c
1603 396 1756 435 iambo-

164 468 329 522 graphis
354 467 605 520 displicuisse
636 479 658 506 e
688 478 847 518 papyro
874 465 1111 505 Britannica
1143 464 1321 516 colligas.
1371 462 1630 503 Her-manni
1617 475 1755 502 inven-

163 537 251 575 tum
277 531 403 575 ἐθλό(
429 527 531 588 (opp
549 532 571 572 I
587 526 711 588 251),
736 533 800 571 cui
825 531 1062 626 subscripsit
1080 531 1143 582 Ty
1160 530 1383 570 Mommsen
1405 529 1521 569 1864
1546 529 1666 581 suppl
1688 530 1757 578 18,

164 613 271 640 nunc
301 598 464 652 quidem
494 599 702 651 explosum
733 599 804 638 est.

283 661 471 716 Ἰεθμό(
502 659 630 720 (quod
663 664 713 703 ad
745 661 865 714 ἰέναι,
897 661 990 705 ἰθύς
1019 676 1208 704 revocare
1239 663 1371 703 solent
1398 656 1637 715 etymologi)
1674 661 1754 714 spi-

163 732 288 772 ritum
319 744 504 784 asperum
535 743 735 771 assumere
766 743 847 770 non
872 730 1038 770 videtur
1069 731 1163 769 ante
1199 729 1291 769 med
1319 741 1410 769 saec
1441 742 1465 768 a
1498 727 1577 768 cln-
1606 727 1657 779 V,
1693 739 1755 768 as-

164 799 289 839 sumit
312 799 447 838 autem
470 797 513 836 in
532 797 692 849 vulgari
715 796 924 836 hominum
948 808 1130 836 sermone
1155 788 1460 851 (Meisterhans²
1479 795 1548 845 66,
1569 793 1755 834 Kretsch-

164 877 250 904 mer
280 877 328 917 gr
358 863 628 904 Vaseninschr
661 857 778 919 158).
840 862 902 902 De
932 863 1048 902 hiatu
1079 864 1172 902 ante
1204 858 1360 911 Ἰεθμόε
1391 861 1509 901 obvio
1539 860 1631 901 vide
1662 858 1689 911 ξ
1717 862 1756 900 7.

282 926 504 980 Ἱεμηνόε
535 928 851 981 exasperandum
881 941 966 969 esse
996 941 1078 969 non
1103 929 1235 968 solum
1258 927 1450 968 boeoticis
1480 927 1608 967 inscrr
1631 920 1755 982 (581.

166 995 250 1038 691
280 1027 289 1036 .
309 1027 318 1036 .
340 1027 349 1035 .
383 991 565 1051 Collitz),
605 995 676 1043 sed
706 995 830 1035 etiam
861 996 984 1048 attico
1016 995 1191 1047 quodam
1220 994 1384 1035 vasculo
1414 994 1657 1047 perantiquo
1687 993 1756 1033 do-

165 1076 300 1103 cemur
330 1057 605 1117 (Kretschmer
635 1075 683 1114 gr
714 1061 983 1102 Vaseninschr
1015 1063 1084 1102 50.
1118 1055 1237 1117 228).

284 1126 474 1170 οὕνεκα
498 1122 664 1184 (-κεν).
712 1128 768 1168 Et
791 1128 1071 1181 superstitiosa
1096 1127 1271 1179 quadam
1293 1127 1469 1167 traditae
1494 1121 1549 1181 (O
1567 1126 1666 1166 XIV
1686 1127 1755 1177 17,

163 1195 197 1235 Ρ
222 1195 280 1235 Π
306 1196 376 1246 93,
405 1194 446 1235 N
469 1194 613 1235 IV‘20
642 1195 687 1234 in
716 1195 821 1246 BD,
856 1207 938 1235 non
967 1195 1067 1235 item
1096 1194 1140 1234 in
1166 1188 1227 1250 V)
1257 1193 1468 1246 prosodiae
1499 1193 1756 1234 veneratione

1781 669 1827 702 18

1782 936 1828 968 19

1781 1137 1828 1170 20

165 1261 359 1302 adductus
390 1262 432 1301 et
461 1262 627 1314 propter
648 1261 826 1313 >psilosin
856 1262 900 1301 in
925 1261 1029 1302 crasi
1051 1257 1237 1301 τοῦνεκα
1261 1260 1422 1300 obviam
1447 1256 1606 1300 οὔνεκα
1631 1258 1758 1299 edidit
1819 1279 1823 1283 ,

165 1327 228 1380 Ty
251 1327 474 1368 Mommsen
505 1321 569 1382 (cf
595 1327 716 1380 suppl
743 1322 869 1383 199),
906 1329 947 1367 et
976 1327 1141 1367 fuerunt
1171 1326 1316 1378 quibus
1345 1325 1615 1378 persuaderet.
1678 1324 1757 1366 Sed

165 1407 284 1445 quem
315 1394 366 1433 ad
395 1393 560 1447 modum
590 1391 775 1434 τοῦνεκα
805 1393 1046 1434 vocabulum
1077 1393 1235 1445 epicum
1260 1406 1308 1433 ex
1331 1393 1411 1433 τοῦ
1437 1393 1477 1432 et
1501 1388 1630 1433 ἔνεκα
1654 1385 1755 1447 (psi-

162 1460 240 1500 losi
277 1454 448 1516 aeolica)
486 1460 702 1501 conflatum
739 1473 824 1500 esse
863 1461 1037 1511 constat,
1054 1482 1063 1489 ·
1077 1460 1201 1499 etiam
1237 1456 1398 1500 οὕνεκα
1435 1458 1756 1499 coniunctionem

164 1527 319 1579 epicam
350 1521 428 1581 (=
461 1520 780 1581 quapropter)
818 1526 1007 1571 adverbio
1039 1526 1162 1566 attico
1193 1519 1272 1581 (=
1303 1516 1526 1580 propter)
1562 1525 1756 1565 vetustio-

163 1606 249 1632 rem
284 1587 588 1648 (Meisterhans²
621 1587 727 1648 177)
764 1592 888 1645 vulgo
926 1586 1025 1647 (EM
1057 1593 1164 1643 641,
1195 1587 1274 1647 44)
1310 1593 1419 1631 recte
1456 1591 1508 1631 ad
1541 1586 1596 1631 οὗ
1627 1588 1756 1631 ἕνεκα

164 1652 249 1713 (vel
280 1653 429 1715 ἔνεκα)
457 1659 639 1699 revocari
669 1671 821 1699 censeo.
883 1655 1049 1699 εἵνεκεν
1083 1671 1161 1711 pro
1198 1647 1476 1699 coniunctione
1515 1658 1755 1710 usurpatum

163 1724 339 1764 Pindaro
371 1718 413 1780 (1
435 1724 539 1764 Vm
559 1726 628 1775 33,
659 1725 757 1764 item
788 1722 916 1765 ἕνεκα
940 1724 980 1764 N
1003 1724 1064 1764 IV
1084 1720 1163 1780 87)
1193 1725 1407 1777 propterea
1429 1724 1619 1775 tribuere,
1649 1723 1757 1775 quod

134 1813 136 1815 ·
165 1790 334 1831 eundem
370 1803 488 1832 usum
523 1791 567 1830 in
606 1790 851 1831 Callimacho
888 1785 946 1846 (fr
978 1792 1063 1830 287
1097 1790 1132 1831 Ο
1159 1786 1284 1847 Schn)
1322 1790 1564 1843 Apollonius
1597 1791 1697 1840 239,
1729 1790 1755 1830 3

165 1857 201 1896 R
221 1857 326 1897 Schn
351 1858 392 1897 et
409 1856 647 1897 Ammonius
672 1856 788 1897 differ
810 1869 908 1897 voco
930 1859 1013 1898 106
1035 1857 1367 1909 vituperaverint,
1391 1858 1509 1910 pravi
1526 1856 1666 1896 iudicii
1684 1858 1756 1896 est.

285 1934 314 1964 α
333 1939 342 1963 2
362 1934 401 1973 η.
462 1923 769 1976 Hyperdorismi
808 1924 852 1962 in
891 1923 1075 1963 omnibus
1115 1924 1325 1975 utriusque
1363 1923 1605 1964 recensionis
1641 1922 1756 1963 libris

166 1989 347 2042 exempla
379 2002 481 2041 quae
514 1989 675 2041 quidem
706 1991 814 2029 certa
846 1990 927 2029 sint
956 2002 1038 2029 non
1070 1990 1200 2030 multa
1238 1989 1600 2042 deprehenduntur.
1664 1987 1755 2029 Cer-

163 2056 365 2096 tissimum
394 2055 554 2096 videtur
584 2069 727 2096 unum:
763 2052 976 2106 ἁεύχιμον
995 2054 1029 2096 Ο
1054 2055 1098 2095 Π
1124 2057 1178 2097 32
1211 2049 1333 2110 (adde
1364 2053 1543 2108 ἁεύχιον
1566 2055 1600 2095 P
1619 2054 1678 2095 IX
1698 2056 1754 2095 22

165 2116 284 2178 Vatt)
312 2122 365 2162 cll
389 2119 587 2172 Ἠεύχιοε
612 2135 707 2163 nom
730 2135 855 2175 propr
878 2123 985 2162 inser
1009 2121 1144 2175 Delph
1171 2123 1341 2172 1789,4
1369 2121 1525 2172 Gollitz,
1554 2118 1756 2171 Ἡεύχιον

167 2186 407 2239 Μεεεαπία,
451 2185 563 2237 γυνὰ
602 2188 651 2229 δὲ
694 2187 871 2231 Νῑζαίου
915 2188 1042 2229 IGIns
1078 2188 1101 2228 Ι
1139 2189 1224 2229 517
1267 2186 1435 2240 [RhodJ.
1496 2187 1670 2239 Reliqua
1712 2187 1756 2228 in

165 2253 368 2295 variandis
398 2255 611 2295 verborum
642 2255 795 2296 suffixis
826 2256 1049 2307 versantur,
1078 2255 1192 2296 velut
1215 2253 1524 2304 πεποναμένον
1554 2253 1588 2294 Ρ
1613 2253 1672 2294 lx
1698 2254 1754 2294 93

166 2315 393 2375 (Hermann
423 2334 504 2374 opp
535 2321 556 2360 I
588 2323 688 2372 259,
724 2321 886 2362 Boeckh
917 2335 944 2361 n
976 2335 1018 2362 cr
1049 2323 1156 2372 470,
1186 2320 1344 2362 Ahrens
1376 2320 1448 2361 dd
1480 2315 1607 2376 148);
1648 2319 1756 2372 quod

166 2387 272 2426 enim
304 2387 438 2427 afferri
468 2387 570 2427 solet
599 2388 875 2428 testimonium
905 2388 1111 2441 lapideum
1136 2385 1382 2429 ΑΠΟΝΑΙ-Ἐ
1413 2381 1552 2443 (4523
1581 2381 1757 2442 Collitz),

165 2451 282 2491 valde
319 2452 537 2503 lubricum,
579 2465 653 2493 nec
688 2454 781 2506 plus
817 2454 927 2494 valet
964 2454 1071 2506 quod
1105 2453 1354 2507 Hephaestio
1394 2447 1442 2509 (p
1469 2453 1539 2504 25,
1564 2454 1589 2492 2
1603 2447 1677 2508 W)
1708 2464 1756 2492 ex

168 2517 381 2570 Sapphone
411 2513 553 2557 laudat
581 2515 815 2559 ἑξεπόναεε
848 2513 940 2574 (98,
967 2521 991 2559 3
1025 2514 1118 2576 B4),
1158 2533 1249 2561 cum
1285 2519 1392 2560 idem
1429 2513 1475 2575 (2
1483 2521 1521 2570 7,
1548 2514 1595 2575 7)
1632 2517 1756 2558 Laco-

166 2583 282 2623 nibus
314 2580 476 2624 κίναειν
505 2582 678 2635 tn'buat3
706 2583 907 2625 immerito
938 2586 982 2624 in
1013 2586 1281 2639 suspicionem
1309 2587 1456 2627 vocant
1479 2586 1651 2626 formam
1677 2595 1756 2625 πο-

167 2648 273 2700 νήθη
305 2650 348 2689 in
380 2650 493 2702 epigr
524 2662 664 2702 corcyr-
692 2651 923 2703 pervetusto
955 2645 1064 2706 (179
1092 2651 1210 2703 Kaib,
1249 2653 1365 2705 3188
1395 2647 1514 2708 Coll).
1576 2650 1757 2691 Tertium

1781 1935 1825 1968 21

167 2715 414 2768 exemplum:
463 2713 640 2766 φώναεε
678 2715 712 2756 Ο
748 2716 850 2756 XIII
889 2718 958 2767 67,
1000 2717 1040 2756 N
1076 2717 1114 2757 X
1149 2719 1246 2768 763.
1273 2732 1368 2758 nam
1411 2721 1458 2758 ut
1499 2717 1613 2758 verbi
1650 2715 1785 2768 quod,

166 2783 288 2822 fuisse
320 2783 532 2828 autumant
557 2779 724 2833 φωνάω
749 2782 966 2835 vestigium
999 2782 1157 2822 nullum
1188 2786 1348 2835 praeter
1371 2784 1476 2823 Pind
1508 2786 1579 2824 aut
1603 2783 1758 2823 Tbeocr

168 2843 230 2903 (H
263 2844 388 2905 108),
424 2850 483 2888 ita
521 2846 683 2899 φωνὲω
720 2849 763 2888 in
800 2849 889 2901 ipso
924 2848 1101 2889 Pindaro
1139 2850 1290 2888 cunctis
1329 2849 1531 2901 suffragiis
1561 2849 1757 2889 traditum

166 2913 200 2953 P
225 2914 285 2953 IV
312 2916 410 2955 163.
443 2915 543 2967 237,
583 2914 605 2954 I
634 2914 695 2955 VI
727 2916 803 2966 513
834 2916 876 2955 cf
902 2914 1035 2954 Bacch
1064 2915 1103 2954 fr
1136 2917 1176 2965 5,
1198 2916 1222 2955 5
1254 2914 1293 2954 Κ
1323 2908 1370 2969 (8
1391 2910 1476 2970 B4).
1539 2914 1756 2961 Quartum:

167 2978 370 3031 ἑδινάθην
406 2980 440 3020 P
465 2981 525 3020 XI
550 2981 606 3020 38
645 2975 866 3034 (ἐδινήθην
896 2975 958 3036 Β)
996 2981 1032 3020 cl
1071 2977 1349 3020 ὠκυδινάτοις
1376 2979 1405 3018 Ἰ
1429 2979 1467 3018 V
1493 2982 1518 3020 6
1544 2980 1630 3020 BD
1666 2974 1756 3034 (sed

240 3053 351 3080 Poetae
370 3054 553 3091 lyrfumecf
578 3054 638 3080 1.1.
665 3053 713 3081 od.
733 3054 961 3081 Seni-nodet.
1444 3049 1466 3081 2
