2014 3360
290 194 346 237 38
949 191 1195 227 PmDARvs

289 306 470 347 omnibus
499 305 539 345 N
569 305 628 343 VI
659 305 728 355 28,
757 303 838 343 VII
870 305 938 354 62,
967 303 989 343 Ι
1018 303 1200 346 m÷1v
1225 304 1280 343 36
1323 298 1411 358 (ubi
1441 299 1515 343 ἅτε
1549 297 1628 358 Β),
1665 316 1740 356 pro
1777 316 1858 355 qua

289 371 466 423 vulgaris
495 371 624 410 forma
655 366 761 409 ὥετε
791 369 953 420 inepsit
988 368 1022 407 P
1051 369 1089 408 x
1107 368 1176 408 ’54
1215 363 1318 423 (ὥτε
1353 362 1461 422 αι),
1498 367 1532 408 Ρ
1562 368 1622 408 1v
1652 369 1710 409 64
1741 363 1858 423 (BU,

291 450 338 476 ex
378 435 704 487 interpolatione,
747 434 904 486 opinor3
946 447 1040 473 nam
1075 434 1118 472 in
1154 433 1338 485 plurimis
1374 434 1580 485 utriusque
1618 433 1858 474 recensionis

289 501 403 541 libris
433 494 663 554 omittitur),
692 512 764 551 per
796 512 968 540 errorem
996 499 1113 538 illata
1143 500 1204 539 est
1232 499 1362 538 forma
1391 495 1536 539 ὼςείτε
1566 499 1607 538 N
1629 498 1711 539 vn
1735 500 1788 539 71
1816 492 1859 553 (e

290 567 377 607 loco
413 565 615 606 simillimo
651 564 685 604 P
709 564 731 604 I
756 559 844 618 44).
906 563 1056 611 Quibus
1092 564 1190 604 locis
1228 564 1410 605 omnibus
1447 560 1653 604 ‘doricam’
1689 565 1860 605 formam

289 627 433 686 (Apoll
455 642 558 682 pron
578 630 649 680 48,
668 631 725 670 20
740 629 779 680 S,
798 629 906 670 schol
924 629 964 669 N
982 629 1042 668 VI
1060 624 1137 684 47)
1163 630 1233 668 aut
1252 629 1411 669 reduxit
1429 631 1499 669 aut
1514 629 1860 680 retinuitBoeckh3

291 696 397 736 idem
423 695 529 747 apud
552 694 797 735 infinitivum
822 694 928 746 quod
951 693 1144 734 traditum
1169 696 1229 734 est
1253 691 1359 735 ὥςτε
1385 693 1419 735 Ο
1443 694 1502 734 IX
1528 696 1597 745 74,
1619 695 1660 735 N
1680 694 1720 734 V
1739 696 1777 735 1.
1803 695 1860 735 35

295 762 351 802 50
381 773 539 801 movere
570 773 650 800 non
681 761 741 800 est
772 772 909 800 ausus:
952 761 1163 811 utrumque
1192 760 1298 800 recte
1328 773 1418 800 mea
1454 759 1615 811 quidem
1653 760 1864 810 sententia,

291 828 572 878 praeterquam
610 825 715 876 quod
746 820 829 864 ὧτε
868 823 992 864 edidit
1028 819 1089 878 (cf
1122 837 1222 876 quae
1261 824 1311 864 ad
1348 824 1381 865 Ο
1411 825 1454 864 Π
1484 826 1510 865 3
1554 819 1863 880 adnotavimus).

293 892 433 943 Neque
485 891 591 931 enim
643 892 713 929 aut
759 890 1051 941 comparativae
1094 890 1314 941 particulae
1364 891 1534 930 formam
1583 891 1623 930 N
1658 890 1735 941 VI,
1772 889 1865 941 VH,

294 957 317 997 1
350 956 414 996 111
452 955 635 996 variandi
674 967 835 995 causam
871 955 996 994 ullam
1032 954 1165 1006 video,
1205 958 1275 995 aut
1303 955 1390 996 fieri
1418 956 1594 1007 potuisse
1625 956 1865 1008 negaverim,

295 1024 342 1062 ut
371 1035 451 1060 una
482 1034 572 1061 cum
601 1020 791 1060 infinitivi
822 1021 1021 1060 structura
1050 1020 1206 1072 plenior
1235 1022 1364 1061 forma
1401 1017 1508 1060 ὥςτε
1546 1020 1786 1062 extrinsecus
1822 1021 1866 1061 in

297 1086 472 1127 doricam
501 1086 641 1137 poesin
663 1086 928 1137 immigraret3
959 1086 1007 1125 cf.
1038 1083 1047 1125 Ι
1076 1087 1145 1135 42,
1170 1097 1194 1135 ρ
1219 1087 1272 1125 21
1301 1080 1474 1141 (Lehrsii
1498 1080 1722 1126 Aristarch²
1748 1080 1866 1142 157),

297 1152 380 1192 Hes
410 1151 531 1203 theog
563 1151 662 1201 831,
692 1163 770 1202 opp
804 1152 873 1201 44,
902 1150 977 1190 Alc
1010 1151 1062 1190 11
1090 1145 1154 1190 B4.

419 1213 580 1257 οὕτως
612 1215 765 1256 duobus
789 1215 887 1256 locis
911 1215 1071 1255 nititurz
1100 1215 1133 1255 P
1158 1214 1216 1254 IV
1238 1217 1290 1255 11
1318 1217 1360 1255 in
1383 1216 1460 1257 fine
1485 1229 1634 1268 versus,
1662 1217 1702 1257 N
1726 1217 1785 1257 XI
1809 1218 1864 1257 42

300 1279 439 1322 οὕτως
469 1277 595 1321 ἔθνος
631 1276 673 1335 (e
705 1281 793 1321 coni
822 1280 983 1332 Heynii,
1013 1278 1128 1321 οὕτω
1166 1278 1313 1322 ςθένος
1349 1276 1479 1337 libri),
1519 1280 1685 1333 ὥςπερ
1721 1283 1868 1323 tribusz

300 1347 334 1388 Ο
358 1346 439 1386 VII
465 1347 519 1386 79
552 1340 614 1401 (in
643 1346 815 1386 formula
841 1346 984 1387 sacrali
1014 1342 1156 1396 ὥςπερ
1187 1340 1308 1401 Θεῷ),
1337 1346 1370 1386 Ρ
1394 1347 1416 1387 1
1441 1349 1510 1398 91,
1539 1347 1560 1387 Ι
1584 1347 1644 1387 VI
1667 1349 1736 1388 47.

228 1425 275 1458 84
420 1421 522 1452 ·αις
546 1425 558 1452 ι
584 1422 676 1452 -ας,
738 1411 798 1451 De
834 1411 1056 1463 suspicione
1087 1411 1285 1463 Tychonis
1315 1413 1533 1454 Mommsen
1565 1408 1612 1468 (J
1614 1413 1736 1454 ahrbb
1768 1414 1869 1455 class

299 1477 392 1518 Phil
418 1478 486 1527 83,
513 1477 640 1527 1861,
665 1477 723 1519 40
742 1472 800 1532 ss)
831 1477 874 1516 in
903 1477 1205 1529 participiorum
1235 1490 1305 1518 aor
1327 1478 1349 1517 Ι
1379 1480 1444 1519 act
1469 1479 1748 1520 terminatione
1773 1471 1869 1531 quo-

300 1544 403 1583 tiens
438 1541 593 1594 liquida
631 1543 884 1583 antecesserit
920 1543 1099 1583 consulto
1138 1554 1208 1583 -ας
1249 1557 1272 1583 a
1310 1546 1430 1596 poeta
1467 1546 1747 1596 praeoptatum
1786 1557 1871 1585 esse

302 1608 503 1661 opinantis
535 1621 776 1659 quamquam
807 1601 938 1648 actum
969 1621 1052 1650 esse
1078 1609 1249 1649 arbitror
1273 1603 1409 1665 (Peter
1433 1609 1515 1649 dial
1538 1609 1572 1649 P
1598 1604 1688 1666 58),
1717 1609 1872 1650 variam

301 1676 437 1714 tamen
459 1673 669 1713 lectionem
692 1673 735 1712 in
760 1686 838 1725 app
864 1674 939 1714 crit
963 1674 1121 1715 silentio
1143 1675 1359 1726 praeterire
1383 1675 1507 1726 nolui,
1538 1675 1729 1716 Boeckhii
1752 1675 1872 1716 simul

301 1739 543 1790 redarguens
574 1739 809 1778 sententiam
840 1733 962 1794 (Pind
986 1739 1008 1779 Ι
1035 1753 1062 1792 p
1087 1739 1252 1791 XXXII,
1282 1754 1309 1780 n
1334 1753 1376 1780 cr
1402 1741 1498 1781 360.
1526 1735 1633 1796 398)
1662 1741 1706 1780 in
1736 1739 1871 1792 Olym-

302 1803 404 1856 picis
435 1803 674 1844 carminibus
701 1804 882 1855 quotiens
909 1815 994 1844 -αις
1017 1804 1210 1845 traditum
1233 1805 1479 1846 inveniretur
1503 1807 1727 1858 optativum
1751 1807 1874 1859 signi-

304 1868 416 1909 ficari
445 1867 676 1909 dictitantis.
736 1869 783 1908 Id
809 1871 912 1910 certe
942 1870 1117 1910 notabile
1148 1883 1228 1911 non
1257 1884 1349 1911 raro
1378 1868 1561 1912 librarios
1594 1872 1874 1912 terminatione

307 1944 393 1974 ·cuc
422 1945 495 1985 pro
520 1934 699 1985 optativo
728 1934 865 1975 habita
895 1930 966 1990 (τὸ
997 1933 1189 1976 εὐκτικὸν
1219 1933 1314 1976 ἀντὶ
1344 1937 1524 1986 μετοχῆς
1555 1936 1589 1978 Ο
1619 1936 1641 1976 Ι
1666 1939 1723 1978 60
1747 1937 1791 1990 gl
1814 1931 1874 1992 A)

269 2043 274 2049 ,
307 2012 329 2039 e
359 1999 598 2039 eorreofione
631 2010 700 2040 -ας
730 2001 937 2051 invexisse,
967 2001 1078 2041 velut
1107 2000 1141 2041 Ο
1171 2001 1252 2040 VH
1278 2003 1303 2042 5
1332 2001 1411 2052 00,
1440 2001 1499 2041 lx
1524 2003 1580 2042 94
1609 2001 1652 2052 0,
1682 2003 1719 2042 X
1744 2003 1802 2042 30
1821 2002 1876 2052 Β,

308 2064 365 2103 48
394 2062 437 2114 0,
471 2063 504 2104 Ρ
528 2064 550 2103 Ι
578 2066 629 2105 79
659 2063 702 2115 C',
738 2066 791 2105 81
823 2065 865 2106 Ο.
925 2066 1107 2118 Denique
1145 2079 1287 2107 moneo
1328 2077 1395 2106 -α-
1436 2067 1505 2107 ubi
1543 2068 1709 2118 stirpem
1746 2067 1877 2118 ipsam

309 2129 483 2182 attingat
510 2130 684 2181 retineri,
714 2130 825 2171 velut
854 2131 954 2181 πᾶς,
986 2131 1116 2181 πᾶςα,
1150 2128 1224 2182 βάς
1255 2126 1318 2186 (cf
1345 2132 1466 2172 etiam
1496 2129 1641 2172 διδούς
1670 2131 1705 2171 Ρ
1733 2131 1756 2170 Ι
1788 2124 1877 2185 57),

308 2193 350 2233 id
381 2193 487 2245 quod
516 2195 559 2233 in
588 2190 778 2245 ἀπόΙ-’ρας
807 2195 841 2235 Ρ
863 2196 924 2235 IV
951 2197 1034 2237 149
1067 2197 1174 2237 solus
1203 2197 1423 2248 perspexit,
1460 2197 1504 2236 in
1534 2192 1807 2246 ἀνδροδάμας
1836 2195 1878 2235 N

309 2258 374 2297 ΙΙΙ
398 2259 451 2299 39
484 2259 591 2300 solus
621 2261 796 2313 neglexit
824 2261 969 2314 Bergk.

240 2335 286 2369 85
431 2321 626 2374 -δάμας.
675 2326 868 2376 ·δᾰμος.
927 2325 1048 2378 Apud
1073 2325 1182 2377 Soph
1206 2325 1257 2365 El
1284 2326 1369 2366 857
1401 2337 1506 2365 nunc
1536 2324 1659 2365 edunt
1687 2319 1878 2374 ἐλπίδων

311 2418 322 2430 .
335 2419 345 2429 .
365 2418 375 2428 .
407 2386 674 2440 εὐπατρίδων
703 2404 776 2443 pro
808 2388 1079 2440 εὐπατριδᾶν,
1109 2391 1271 2431 nomina
1300 2390 1436 2430 iuncta
1465 2390 1508 2429 in
1538 2399 1607 2429 -ας
1637 2386 1745 2441 (-ης)
1775 2388 1877 2430 desi-

311 2454 464 2504 nentia,
507 2468 607 2506 quae
644 2469 692 2496 ex
726 2456 928 2496 femininis
957 2456 1147 2507 pleraque
1176 2455 1284 2495 facta
1314 2467 1398 2495 esse
1434 2455 1607 2505 constat,
1648 2454 1798 2495 scilicet
1833 2456 1880 2495 ut

311 2532 384 2571 pro
415 2520 662 2571 appositione
692 2523 739 2560 ut
768 2521 827 2560 ita
860 2520 990 2561 dicam
1027 2520 1265 2572 qualitativa
1306 2516 1622 2572 (ὀλυμπιονίκα,
1659 2515 1878 2572 εὔπατρις)

311 2584 482 2634 bominis
513 2586 667 2637 agentis
699 2586 814 2636 quasi
842 2598 1013 2637 persona
1043 2586 1340 2637 exprimeretur,
1377 2585 1428 2624 ad
1458 2596 1582 2636 genus
1611 2584 1692 2624 fem
1724 2584 1878 2640 traduci

312 2662 428 2700 posse
452 2663 524 2690 suo
546 2651 634 2691 iure
657 2652 859 2703 negantes.
915 2649 1019 2697 Quid
1042 2663 1137 2690 vero
1161 2649 1210 2690 de
1235 2646 1510 2698 ἀνδροδάμαν
1534 2643 1617 2703 (τ’)
1645 2645 1880 2699 Ἐριφύλαν

314 2713 490 2756 dicamus
515 2715 621 2766 quod
644 2716 744 2767 legit
768 2715 877 2755 schol
894 2716 935 2755 N
952 2715 1010 2755 IX
1026 2716 1079 2755 16
1106 2709 1226 2769 (266,
1247 2716 1303 2754 10
1315 2708 1426 2768 Ab)?
1451 2715 1520 2753 aut
1538 2713 1586 2753 de
1605 2711 1880 2766 χαλκοδάμαν

315 2776 475 2820 ἀκόναν
507 2779 612 2831 quod
641 2780 758 2820 facile
787 2781 975 2820 restituas
1005 2781 1027 2819 I
1047 2780 1107 2819 VI
1128 2780 1182 2819 73
1215 2774 1434 2832 (-δάμαντ’
1465 2779 1597 2830 priore
1622 2779 1709 2821 loco
1736 2780 1789 2831 B,
1822 2782 1878 2821 al-

315 2845 400 2883 tero
423 2839 553 2899 Bm?
592 2845 658 2883 An
689 2857 782 2884 casu
812 2845 945 2884 deberi
974 2847 1105 2896 putas,
1136 2843 1242 2895 quod
1265 2845 1427 2884 nomina
1457 2844 1499 2883 in
1525 2841 1689 2894 -δάμης,
1720 2842 1879 2896 -δάμην

316 2902 419 2959 (·ας,
447 2907 539 2962 -αν)
569 2909 753 2948 exeuntia
781 2909 930 2950 tradita
959 2923 1039 2952 non
1068 2910 1258 2950 habemus
1286 2911 1444 2961 praeter
1473 2909 1684 2970 vocatives¹
1704 2910 1879 2952 Aristar-
1905 2936 1907 2939 -
