<?xml version="1.0" encoding="UTF-8"?>
<!DOCTYPE html PUBLIC "-//W3C//DTD XHTML 1.0 Transitional//EN"
    "http://www.w3.org/TR/xhtml1/DTD/xhtml1-transitional.dtd">
<html xmlns="http://www.w3.org/1999/xhtml" xml:lang="en" lang="en">
 <head>
  <title>
</title>
<meta http-equiv="Content-Type" content="text/html;charset=utf-8" />
  <meta name='ocr-system' content='tesseract 3.04.00' />
  <meta name='ocr-capabilities' content='ocr_page ocr_carea ocr_par ocr_line ocrx_word'/>
</head>
<body>
  <div class='ocr_page' id='page_1' title='image "./pt1poetaelyricig01berguoft/pt1poetaelyricig01berguoft_0054.png"; bbox 0 0 2014 3360; ppageno 0'>
   <div class='ocr_carea' id='block_1_1' title="bbox 254 208 1164 252">
    <p class='ocr_par' dir='ltr' id='par_1_1' title="bbox 254 208 1164 252">
     <span class='ocr_line' id='line_1_1' title="bbox 254 208 1164 252; baseline 0.008 -13"><span class='ocrx_word' id='word_1_1' title='bbox 254 209 313 252; x_wconf 85' lang='lat'><strong>46</strong></span> <span class='ocrx_word' id='word_1_2' title='bbox 917 208 1164 246; x_wconf 74' lang='lat' dir='ltr'><strong>PmDARvs</strong></span> 
     </span>
    </p>
   </div>
   <div class='ocr_carea' id='block_1_2' title="bbox 230 314 1821 1218">
    <p class='ocr_par' dir='ltr' id='par_1_2' title="bbox 230 314 1821 1218">
     <span class='ocr_line' id='line_1_2' title="bbox 251 314 1817 374; baseline 0.002 -14"><span class='ocrx_word' id='word_1_3' title='bbox 251 314 388 374; x_wconf 86' lang='grc' dir='ltr'>παρὰ)</span> <span class='ocrx_word' id='word_1_4' title='bbox 416 316 585 370; x_wconf 87' lang='grc' dir='ltr'>καιρόν,</span> <span class='ocrx_word' id='word_1_5' title='bbox 616 317 812 372; x_wconf 87' lang='grc' dir='ltr'>θεςπεςίᾳ</span> <span class='ocrx_word' id='word_1_6' title='bbox 835 332 846 369; x_wconf 72' lang='grc' dir='ltr'>ς</span> <span class='ocrx_word' id='word_1_7' title='bbox 872 317 1086 373; x_wconf 82' lang='grc' dir='ltr'>δαιμονίᾳ,</span> <span class='ocrx_word' id='word_1_8' title='bbox 1117 317 1487 371; x_wconf 85' lang='grc' dir='ltr'>νεφεληγερέτης;</span> <span class='ocrx_word' id='word_1_9' title='bbox 1518 317 1746 373; x_wconf 82' lang='grc' dir='ltr'>ὀρςινεφής</span> <span class='ocrx_word' id='word_1_10' title='bbox 1777 325 1817 363; x_wconf 76' lang='lat' dir='ltr'><strong>et</strong></span> 
     </span>
     <span class='ocr_line' id='line_1_3' title="bbox 251 378 1819 438; baseline 0.001 -12"><span class='ocrx_word' id='word_1_11' title='bbox 251 383 571 435; x_wconf 86' lang='grc' dir='ltr'>πολυνεφέλας,</span> <span class='ocrx_word' id='word_1_12' title='bbox 614 378 740 426; x_wconf 87' lang='grc' dir='ltr'>τέλος</span> <span class='ocrx_word' id='word_1_13' title='bbox 777 381 981 426; x_wconf 89' lang='grc' dir='ltr'>θανάτοιο</span> <span class='ocrx_word' id='word_1_14' title='bbox 1022 381 1184 435; x_wconf 81' lang='grc' dir='ltr'>κιχάνω</span> <span class='ocrx_word' id='word_1_15' title='bbox 1215 397 1226 425; x_wconf 79' lang='grc' dir='ltr'><strong>ι</strong></span> <span class='ocrx_word' id='word_1_16' title='bbox 1260 382 1448 426; x_wconf 89' lang='grc' dir='ltr'>θανάτου</span> <span class='ocrx_word' id='word_1_17' title='bbox 1485 383 1620 436; x_wconf 88' lang='grc' dir='ltr'>πέρας</span> <span class='ocrx_word' id='word_1_18' title='bbox 1656 385 1819 438; x_wconf 84' lang='grc' dir='ltr'>νέομαι,</span> 
     </span>
     <span class='ocr_line' id='line_1_4' title="bbox 250 445 1821 504; baseline 0.001 -14"><span class='ocrx_word' id='word_1_19' title='bbox 250 446 381 499; x_wconf 85' lang='grc' dir='ltr'>ὄψεαι</span> <span class='ocrx_word' id='word_1_20' title='bbox 423 449 478 500; x_wconf 88' lang='grc' dir='ltr'>ἢν</span> <span class='ocrx_word' id='word_1_21' title='bbox 521 447 728 502; x_wconf 85' lang='grc' dir='ltr'>ἐθέλῃςθα</span> <span class='ocrx_word' id='word_1_22' title='bbox 771 447 840 490; x_wconf 85' lang='grc' dir='ltr'><strong>καὶ</strong></span> <span class='ocrx_word' id='word_1_23' title='bbox 883 445 929 490; x_wconf 87' lang='grc' dir='ltr'><strong>αἴ</strong></span> <span class='ocrx_word' id='word_1_24' title='bbox 969 447 1045 490; x_wconf 88' lang='grc' dir='ltr'>κέν</span> <span class='ocrx_word' id='word_1_25' title='bbox 1080 461 1148 491; x_wconf 88' lang='grc' dir='ltr'><strong>τοι</strong></span> <span class='ocrx_word' id='word_1_26' title='bbox 1183 447 1238 490; x_wconf 84' lang='grc' dir='ltr'><strong>τὰ</strong></span> <span class='ocrx_word' id='word_1_27' title='bbox 1274 449 1436 504; x_wconf 85' lang='grc' dir='ltr'>μεμήλῃ</span> <span class='ocrx_word' id='word_1_28' title='bbox 1454 461 1469 490; x_wconf 71' lang='lat' dir='ltr'><em>z</em></span> <span class='ocrx_word' id='word_1_29' title='bbox 1484 447 1600 491; x_wconf 70' lang='grc' dir='ltr'><strong>’ὥστ’</strong></span> <span class='ocrx_word' id='word_1_30' title='bbox 1635 448 1821 503; x_wconf 85' lang='grc' dir='ltr'>ἔμφρονι</span> 
     </span>
     <span class='ocr_line' id='line_1_5' title="bbox 251 509 1820 571; baseline 0.001 -16"><span class='ocrx_word' id='word_1_31' title='bbox 251 514 392 556; x_wconf 66' lang='grc' dir='ltr'><strong>δεῖξαιΔ</strong></span> <span class='ocrx_word' id='word_1_32' title='bbox 415 509 470 569; x_wconf 91' lang='lat' dir='ltr'><strong>(O</strong></span> <span class='ocrx_word' id='word_1_33' title='bbox 496 514 555 554; x_wconf 86' lang='lat' dir='ltr'><strong>IX</strong></span> <span class='ocrx_word' id='word_1_34' title='bbox 582 509 657 570; x_wconf 83' lang='lat'><strong>74)</strong></span> <span class='ocrx_word' id='word_1_35' title='bbox 687 514 757 554; x_wconf 89' lang='lat' dir='ltr'><strong>ubi</strong></span> <span class='ocrx_word' id='word_1_36' title='bbox 786 528 814 555; x_wconf 83' lang='lat' dir='ltr'><strong>v</strong></span> <span class='ocrx_word' id='word_1_37' title='bbox 842 515 934 555; x_wconf 84' lang='lat' dir='ltr'><strong>nott</strong></span> <span class='ocrx_word' id='word_1_38' title='bbox 963 526 1015 554; x_wconf 82' lang='lat' dir='ltr'><strong>cr.</strong></span> <span class='ocrx_word' id='word_1_39' title='bbox 1069 514 1251 565; x_wconf 83' lang='lat' dir='ltr'><strong>Denique</strong></span> <span class='ocrx_word' id='word_1_40' title='bbox 1280 511 1529 566; x_wconf 83' lang='grc' dir='ltr'>ἀμφότερον</span> <span class='ocrx_word' id='word_1_41' title='bbox 1559 513 1706 566; x_wconf 90' lang='grc' dir='ltr'>μάντις</span> <span class='ocrx_word' id='word_1_42' title='bbox 1735 510 1820 571; x_wconf 79' lang='lat' dir='ltr'><strong>(vel</strong></span> 
     </span>
     <span class='ocr_line' id='line_1_6' title="bbox 251 576 1821 633; baseline 0.002 -14"><span class='ocrx_word' id='word_1_43' title='bbox 251 577 463 633; x_wconf 84' lang='grc' dir='ltr'>βαςιλεύς)</span> <span class='ocrx_word' id='word_1_44' title='bbox 493 576 536 619; x_wconf 76' lang='grc' dir='ltr'><strong>τ’</strong></span> <span class='ocrx_word' id='word_1_45' title='bbox 567 576 729 628; x_wconf 88' lang='grc' dir='ltr'>ἀγαθὸς</span> <span class='ocrx_word' id='word_1_46' title='bbox 759 577 962 629; x_wconf 88' lang='grc' dir='ltr'>κρατερός</span> <span class='ocrx_word' id='word_1_47' title='bbox 993 576 1045 620; x_wconf 79' lang='grc' dir='ltr'><strong>τ’.</strong></span> <span class='ocrx_word' id='word_1_48' title='bbox 1066 577 1298 630; x_wconf 84' lang='grc' dir='ltr'>αἰχμητής;</span> <span class='ocrx_word' id='word_1_49' title='bbox 1324 576 1574 630; x_wconf 84' lang='grc' dir='ltr'>ἀμφότερον</span> <span class='ocrx_word' id='word_1_50' title='bbox 1601 577 1752 630; x_wconf 89' lang='grc' dir='ltr'>μάντιν</span> <span class='ocrx_word' id='word_1_51' title='bbox 1775 578 1821 622; x_wconf 78' lang='grc' dir='ltr'><strong>τ’</strong></span> 
     </span>
     <span class='ocr_line' id='line_1_7' title="bbox 249 638 1821 701; baseline 0.001 -17"><span class='ocrx_word' id='word_1_52' title='bbox 249 640 415 693; x_wconf 82' lang='grc' dir='ltr'>ἀγαθόν</span> <span class='ocrx_word' id='word_1_53' title='bbox 463 638 648 700; x_wconf 83' lang='lat' dir='ltr'><strong>(Adrasti</strong></span> <span class='ocrx_word' id='word_1_54' title='bbox 689 657 766 685; x_wconf 83' lang='lat' dir='ltr'><strong>vox</strong></span> <span class='ocrx_word' id='word_1_55' title='bbox 810 643 1005 695; x_wconf 89' lang='lat' dir='ltr'><strong>quaedam</strong></span> <span class='ocrx_word' id='word_1_56' title='bbox 1050 645 1272 695; x_wconf 85' lang='lat' dir='ltr'><strong>antiquitus</strong></span> <span class='ocrx_word' id='word_1_57' title='bbox 1314 644 1463 685; x_wconf 65' lang='lat' dir='ltr'><strong>tradita</strong></span> <span class='ocrx_word' id='word_1_58' title='bbox 1504 640 1710 701; x_wconf 85' lang='lat' dir='ltr'><strong>laudatur)</strong></span> <span class='ocrx_word' id='word_1_59' title='bbox 1752 643 1821 687; x_wconf 79' lang='grc' dir='ltr'><strong>καὶ</strong></span> 
     </span>
     <span class='ocr_line' id='line_1_8' title="bbox 249 707 1821 761; baseline 0.001 -11"><span class='ocrx_word' id='word_1_60' title='bbox 249 707 372 760; x_wconf 89' lang='grc' dir='ltr'>δουρὶ</span> <span class='ocrx_word' id='word_1_61' title='bbox 403 707 636 759; x_wconf 88' lang='grc' dir='ltr'>μάρναςθαι</span> <span class='ocrx_word' id='word_1_62' title='bbox 666 712 878 761; x_wconf 82' lang='lat' dir='ltr'><strong>propterea</strong></span> <span class='ocrx_word' id='word_1_63' title='bbox 909 709 1049 750; x_wconf 87' lang='lat' dir='ltr'><strong>afferro</strong></span> <span class='ocrx_word' id='word_1_64' title='bbox 1080 709 1186 760; x_wconf 87' lang='lat' dir='ltr'><strong>quod</strong></span> <span class='ocrx_word' id='word_1_65' title='bbox 1219 711 1329 749; x_wconf 85' lang='lat' dir='ltr'><strong>fuere</strong></span> <span class='ocrx_word' id='word_1_66' title='bbox 1366 710 1436 760; x_wconf 89' lang='lat' dir='ltr'><strong>qui</strong></span> <span class='ocrx_word' id='word_1_67' title='bbox 1470 711 1821 751; x_wconf 72' lang='lat' dir='ltr'><strong>inconcinnitatem</strong></span> 
     </span>
     <span class='ocr_line' id='line_1_9' title="bbox 251 769 1820 830; baseline 0.001 -15"><span class='ocrx_word' id='word_1_68' title='bbox 251 774 434 815; x_wconf 79' lang='lat' dir='ltr'><strong>Cornelio</strong></span> <span class='ocrx_word' id='word_1_69' title='bbox 470 775 610 814; x_wconf 86' lang='lat' dir='ltr'><strong>Tacito</strong></span> <span class='ocrx_word' id='word_1_70' title='bbox 649 787 730 814; x_wconf 91' lang='lat' dir='ltr'><strong>non</strong></span> <span class='ocrx_word' id='word_1_71' title='bbox 767 774 974 829; x_wconf 78' lang='lat' dir='ltr'><strong>indignam</strong></span> <span class='ocrx_word' id='word_1_72' title='bbox 1011 773 1079 815; x_wconf 84' lang='grc' dir='ltr'><strong>καὶ</strong></span> <span class='ocrx_word' id='word_1_73' title='bbox 1116 773 1239 824; x_wconf 88' lang='grc' dir='ltr'>δουρὶ</span> <span class='ocrx_word' id='word_1_74' title='bbox 1268 772 1471 825; x_wconf 86' lang='grc' dir='ltr'>μάχεςθαι</span> <span class='ocrx_word' id='word_1_75' title='bbox 1511 769 1603 830; x_wconf 87' lang='lat' dir='ltr'><strong>(scil</strong></span> <span class='ocrx_word' id='word_1_76' title='bbox 1639 770 1820 830; x_wconf 84' lang='grc' dir='ltr'>ἀγαθός)</span> 
     </span>
     <span class='ocr_line' id='line_1_10' title="bbox 248 839 1819 892; baseline 0.001 -13"><span class='ocrx_word' id='word_1_77' title='bbox 248 842 331 880; x_wconf 88' lang='lat' dir='ltr'><strong>iam</strong></span> <span class='ocrx_word' id='word_1_78' title='bbox 367 841 478 891; x_wconf 89' lang='lat' dir='ltr'><strong>epico</strong></span> <span class='ocrx_word' id='word_1_79' title='bbox 513 841 656 890; x_wconf 88' lang='lat' dir='ltr'><strong>poetae</strong></span> <span class='ocrx_word' id='word_1_80' title='bbox 689 841 954 891; x_wconf 80' lang='lat' dir='ltr'><strong>imputarent3</strong></span> <span class='ocrx_word' id='word_1_81' title='bbox 995 840 1143 880; x_wconf 85' lang='lat' dir='ltr'><strong>similia</strong></span> <span class='ocrx_word' id='word_1_82' title='bbox 1174 839 1243 881; x_wconf 84' lang='lat' dir='ltr'><strong>his·</strong></span> <span class='ocrx_word' id='word_1_83' title='bbox 1275 841 1394 892; x_wconf 80' lang='lat' dir='ltr'><strong>tetigi</strong></span> <span class='ocrx_word' id='word_1_84' title='bbox 1436 840 1612 881; x_wconf 84' lang='lat' dir='ltr'><strong>Zeitschr</strong></span> <span class='ocrx_word' id='word_1_85' title='bbox 1648 839 1819 892; x_wconf 79' lang='lat' dir='ltr'><strong>Gymna-</strong></span> 
     </span>
     <span class='ocr_line' id='line_1_11' title="bbox 248 899 1821 946; baseline -0.001 0"><span class='ocrx_word' id='word_1_86' title='bbox 248 905 366 946; x_wconf 77' lang='lat' dir='ltr'><strong>sialw</strong></span> <span class='ocrx_word' id='word_1_87' title='bbox 390 905 503 945; x_wconf 89' lang='lat'>1885</span> <span class='ocrx_word' id='word_1_88' title='bbox 531 905 559 944; x_wconf 84' lang='lat' dir='ltr'>J</span> <span class='ocrx_word' id='word_1_89' title='bbox 561 904 726 945; x_wconf 85' lang='lat' dir='ltr'><strong>ahresbb</strong></span> <span class='ocrx_word' id='word_1_90' title='bbox 757 905 815 944; x_wconf 92' lang='lat' dir='ltr'><strong>XI</strong></span> <span class='ocrx_word' id='word_1_91' title='bbox 846 899 961 944; x_wconf 78' lang='lat'>342².</span> <span class='ocrx_word' id='word_1_92' title='bbox 1021 905 1249 945; x_wconf 87' lang='lat' dir='ltr'><strong>Absurdum</strong></span> <span class='ocrx_word' id='word_1_93' title='bbox 1278 905 1513 946; x_wconf 71' lang='lat' dir='ltr'><strong>scholiastae</strong></span> <span class='ocrx_word' id='word_1_94' title='bbox 1542 905 1671 946; x_wconf 83' lang='lat' dir='ltr'><strong>Aesch</strong></span> <span class='ocrx_word' id='word_1_95' title='bbox 1700 905 1821 946; x_wconf 90' lang='lat' dir='ltr'><strong>Prom</strong></span> 
     </span>
     <span class='ocr_line' id='line_1_12' title="bbox 250 969 1820 1023; baseline 0.001 -13"><span class='ocrx_word' id='word_1_96' title='bbox 250 971 333 1010; x_wconf 95' lang='grc'><strong>351</strong></span> <span class='ocrx_word' id='word_1_97' title='bbox 368 972 634 1011; x_wconf 88' lang='lat' dir='ltr'><strong>commentum</strong></span> <span class='ocrx_word' id='word_1_98' title='bbox 664 983 685 1009; x_wconf 91' lang='lat' dir='ltr'><strong>e</strong></span> <span class='ocrx_word' id='word_1_99' title='bbox 709 969 812 1009; x_wconf 88' lang='lat' dir='ltr'><strong>Pind</strong></span> <span class='ocrx_word' id='word_1_100' title='bbox 836 970 869 1009; x_wconf 92' lang='lat' dir='ltr'>P</span> <span class='ocrx_word' id='word_1_101' title='bbox 893 970 914 1009; x_wconf 96' lang='lat' dir='ltr'>I</span> <span class='ocrx_word' id='word_1_102' title='bbox 941 972 1112 1011; x_wconf 85' lang='lat'>16—17</span> <span class='ocrx_word' id='word_1_103' title='bbox 1145 983 1303 1011; x_wconf 82' lang='lat' dir='ltr'><strong>versum</strong></span> <span class='ocrx_word' id='word_1_104' title='bbox 1326 970 1566 1011; x_wconf 85' lang='lat' dir='ltr'><strong>Hesiodeum</strong></span> <span class='ocrx_word' id='word_1_105' title='bbox 1596 970 1820 1023; x_wconf 82' lang='lat' dir='ltr'><strong>effingentis</strong></span> 
     </span>
     <span class='ocr_line' id='line_1_13' title="bbox 249 1035 1820 1087; baseline -0.001 -11"><span class='ocrx_word' id='word_1_106' title='bbox 249 1036 420 1087; x_wconf 77' lang='lat' dir='ltr'><strong>explosit</strong></span> <span class='ocrx_word' id='word_1_107' title='bbox 455 1035 566 1074; x_wconf 84' lang='lat' dir='ltr'><strong>wilh</strong></span> <span class='ocrx_word' id='word_1_108' title='bbox 604 1035 768 1086; x_wconf 81' lang='lat' dir='ltr'><strong>Schulze</strong></span> <span class='ocrx_word' id='word_1_109' title='bbox 808 1048 862 1086; x_wconf 90' lang='lat' dir='ltr'><strong>qu</strong></span> <span class='ocrx_word' id='word_1_110' title='bbox 901 1048 977 1087; x_wconf 88' lang='lat' dir='ltr'><strong>epp</strong></span> <span class='ocrx_word' id='word_1_111' title='bbox 1020 1037 1124 1086; x_wconf 84' lang='lat'>154,</span> <span class='ocrx_word' id='word_1_112' title='bbox 1157 1038 1194 1076; x_wconf 92' lang='lat'><strong>1.</strong></span> <span class='ocrx_word' id='word_1_113' title='bbox 1255 1036 1456 1087; x_wconf 82' lang='lat' dir='ltr'><strong>Denique</strong></span> <span class='ocrx_word' id='word_1_114' title='bbox 1475 1037 1618 1076; x_wconf 81' lang='lat' dir='ltr'><strong>notatu</strong></span> <span class='ocrx_word' id='word_1_115' title='bbox 1655 1035 1820 1087; x_wconf 82' lang='lat' dir='ltr'><strong>dignum</strong></span> 
     </span>
     <span class='ocr_line' id='line_1_14' title="bbox 230 1100 1821 1153; baseline -0.003 -9"><span class='ocrx_word' id='word_1_116' title='bbox 230 1100 407 1144; x_wconf 56' lang='lat' dir='ltr'><strong>videtur</strong></span> <span class='ocrx_word' id='word_1_117' title='bbox 437 1100 655 1141; x_wconf 74' lang='lat' dir='ltr'><strong>Pindarum</strong></span> <span class='ocrx_word' id='word_1_118' title='bbox 683 1103 724 1140; x_wconf 85' lang='lat' dir='ltr'><strong>et</strong></span> <span class='ocrx_word' id='word_1_119' title='bbox 747 1101 940 1141; x_wconf 85' lang='lat' dir='ltr'><strong>vocabula</strong></span> <span class='ocrx_word' id='word_1_120' title='bbox 965 1101 1243 1153; x_wconf 84' lang='lat' dir='ltr'><strong>compingendi</strong></span> <span class='ocrx_word' id='word_1_121' title='bbox 1273 1101 1439 1141; x_wconf 88' lang='lat' dir='ltr'><strong>audacia</strong></span> <span class='ocrx_word' id='word_1_122' title='bbox 1470 1103 1511 1140; x_wconf 90' lang='lat' dir='ltr'><strong>et</strong></span> <span class='ocrx_word' id='word_1_123' title='bbox 1539 1101 1682 1140; x_wconf 84' lang='lat' dir='ltr'><strong>coloris</strong></span> <span class='ocrx_word' id='word_1_124' title='bbox 1717 1101 1821 1151; x_wconf 83' lang='lat' dir='ltr'><strong>epici</strong></span> 
     </span>
     <span class='ocr_line' id='line_1_15' title="bbox 247 1165 988 1218; baseline 0 -12"><span class='ocrx_word' id='word_1_125' title='bbox 247 1167 445 1218; x_wconf 86' lang='lat' dir='ltr'><strong>patientia</strong></span> <span class='ocrx_word' id='word_1_126' title='bbox 475 1180 499 1205; x_wconf 87' lang='lat' dir='ltr'><strong>a</strong></span> <span class='ocrx_word' id='word_1_127' title='bbox 529 1165 769 1216; x_wconf 81' lang='lat' dir='ltr'><strong>Bacchylide</strong></span> <span class='ocrx_word' id='word_1_128' title='bbox 799 1168 988 1218; x_wconf 84' lang='lat' dir='ltr'><strong>superari.</strong></span> 
     </span>
    </p>
   </div>
   <div class='ocr_carea' id='block_1_3' title="bbox 514 1488 1514 1631">
    <p class='ocr_par' dir='ltr' id='par_1_3' title="bbox 514 1488 1514 1631">
     <span class='ocr_line' id='line_1_16' title="bbox 1002 1488 1069 1533; baseline 0 0"><span class='ocrx_word' id='word_1_129' title='bbox 1002 1488 1069 1533; x_wconf 86' lang='lat'><strong>111</strong></span> 
     </span>
     <span class='ocr_line' id='line_1_17' title="bbox 514 1567 1514 1631; baseline -0.002 -1"><span class='ocrx_word' id='word_1_130' title='bbox 514 1567 516 1572; x_wconf 79' lang='grc'>’</span> <span class='ocrx_word' id='word_1_131' title='bbox 550 1585 644 1630; x_wconf 80' lang='lat' dir='ltr'><strong>DE</strong></span> <span class='ocrx_word' id='word_1_132' title='bbox 675 1585 916 1631; x_wconf 81' lang='lat' dir='ltr'><strong>FASTIS</strong></span> <span class='ocrx_word' id='word_1_133' title='bbox 947 1582 1514 1630; x_wconf 81' lang='lat' dir='ltr'><strong>PANHELLENIOIS</strong></span> 
     </span>
    </p>
   </div>
   <div class='ocr_carea' id='block_1_4' title="bbox 247 1712 1822 2423">
    <p class='ocr_par' dir='ltr' id='par_1_4' title="bbox 247 1712 1822 2423">
     <span class='ocr_line' id='line_1_18' title="bbox 367 1712 1820 1772; baseline -0.003 -12"><span class='ocrx_word' id='word_1_134' title='bbox 367 1718 677 1771; x_wconf 80' lang='lat' dir='ltr'><strong>Olympiades</strong></span> <span class='ocrx_word' id='word_1_135' title='bbox 707 1722 967 1760; x_wconf 77' lang='lat' dir='ltr'><strong>numerantur</strong></span> <span class='ocrx_word' id='word_1_136' title='bbox 997 1719 1046 1758; x_wconf 86' lang='lat' dir='ltr'><strong>ab</strong></span> <span class='ocrx_word' id='word_1_137' title='bbox 1073 1732 1176 1759; x_wconf 86' lang='lat' dir='ltr'><strong>anno</strong></span> <span class='ocrx_word' id='word_1_138' title='bbox 1203 1732 1226 1758; x_wconf 92' lang='lat' dir='ltr'><strong>a</strong></span> <span class='ocrx_word' id='word_1_139' title='bbox 1253 1717 1332 1759; x_wconf 80' lang='lat' dir='ltr'><strong>chr</strong></span> <span class='ocrx_word' id='word_1_140' title='bbox 1354 1731 1382 1757; x_wconf 89' lang='grc' dir='ltr'><strong>ιι</strong></span> <span class='ocrx_word' id='word_1_141' title='bbox 1410 1718 1493 1757; x_wconf 86' lang='grc'><strong>776</strong></span> <span class='ocrx_word' id='word_1_142' title='bbox 1523 1712 1674 1772; x_wconf 81' lang='lat' dir='ltr'><strong>(Euseb</strong></span> <span class='ocrx_word' id='word_1_143' title='bbox 1699 1716 1820 1757; x_wconf 85' lang='lat' dir='ltr'><strong>chron</strong></span> 
     </span>
     <span class='ocr_line' id='line_1_19' title="bbox 247 1779 1820 1840; baseline -0.002 -16"><span class='ocrx_word' id='word_1_144' title='bbox 247 1784 269 1823; x_wconf 97' lang='lat' dir='ltr'>I</span> <span class='ocrx_word' id='word_1_145' title='bbox 296 1786 399 1835; x_wconf 88' lang='grc'>194,</span> <span class='ocrx_word' id='word_1_146' title='bbox 435 1785 477 1824; x_wconf 92' lang='grc' dir='ltr'>Π</span> <span class='ocrx_word' id='word_1_147' title='bbox 504 1787 558 1825; x_wconf 83' lang='grc'><strong>79</strong></span> <span class='ocrx_word' id='word_1_148' title='bbox 587 1785 632 1835; x_wconf 82' lang='lat' dir='ltr'><strong>S,</strong></span> <span class='ocrx_word' id='word_1_149' title='bbox 665 1785 692 1825; x_wconf 84' lang='lat' dir='ltr'>S</span> <span class='ocrx_word' id='word_1_150' title='bbox 725 1786 852 1825; x_wconf 85' lang='lat' dir='ltr'><strong>Iulius</strong></span> <span class='ocrx_word' id='word_1_151' title='bbox 881 1785 958 1824; x_wconf 86' lang='lat' dir='ltr'><strong>Afr</strong></span> <span class='ocrx_word' id='word_1_152' title='bbox 990 1785 1015 1824; x_wconf 92' lang='grc'><strong>3</strong></span> <span class='ocrx_word' id='word_1_153' title='bbox 1040 1779 1114 1840; x_wconf 82' lang='lat' dir='ltr'><strong>R).</strong></span> <span class='ocrx_word' id='word_1_154' title='bbox 1170 1783 1319 1830; x_wconf 84' lang='lat' dir='ltr'><strong>Quinto</strong></span> <span class='ocrx_word' id='word_1_155' title='bbox 1362 1796 1518 1834; x_wconf 87' lang='lat' dir='ltr'><strong>quoque</strong></span> <span class='ocrx_word' id='word_1_156' title='bbox 1561 1795 1663 1822; x_wconf 88' lang='lat' dir='ltr'><strong>anno</strong></span> <span class='ocrx_word' id='word_1_157' title='bbox 1704 1781 1820 1822; x_wconf 86' lang='lat' dir='ltr'><strong>ludos</strong></span> 
     </span>
     <span class='ocr_line' id='line_1_20' title="bbox 247 1847 1820 1906; baseline -0.001 -17"><span class='ocrx_word' id='word_1_158' title='bbox 247 1863 319 1901; x_wconf 90' lang='lat' dir='ltr'><strong>per</strong></span> <span class='ocrx_word' id='word_1_159' title='bbox 350 1851 523 1901; x_wconf 88' lang='lat' dir='ltr'><strong>quinque</strong></span> <span class='ocrx_word' id='word_1_160' title='bbox 560 1851 644 1891; x_wconf 83' lang='lat' dir='ltr'><strong>dies</strong></span> <span class='ocrx_word' id='word_1_161' title='bbox 682 1852 785 1890; x_wconf 87' lang='lat' dir='ltr'><strong>circa</strong></span> <span class='ocrx_word' id='word_1_162' title='bbox 823 1850 1089 1901; x_wconf 85' lang='lat' dir='ltr'><strong>plenilunium</strong></span> <span class='ocrx_word' id='word_1_163' title='bbox 1128 1849 1346 1889; x_wconf 88' lang='lat' dir='ltr'><strong>celebratos</strong></span> <span class='ocrx_word' id='word_1_164' title='bbox 1387 1860 1470 1888; x_wconf 87' lang='lat' dir='ltr'><strong>esse</strong></span> <span class='ocrx_word' id='word_1_165' title='bbox 1499 1847 1695 1888; x_wconf 81' lang='lat' dir='ltr'><strong>Pindarus</strong></span> <span class='ocrx_word' id='word_1_166' title='bbox 1733 1848 1820 1906; x_wconf 83' lang='lat' dir='ltr'><strong>ipse</strong></span> 
     </span>
     <span class='ocr_line' id='line_1_21' title="bbox 247 1910 1822 1970; baseline -0.001 -16"><span class='ocrx_word' id='word_1_167' title='bbox 247 1910 478 1970; x_wconf 79' lang='lat' dir='ltr'><strong>testatur*).</strong></span> <span class='ocrx_word' id='word_1_168' title='bbox 539 1915 599 1955; x_wconf 91' lang='lat' dir='ltr'><strong>De</strong></span> <span class='ocrx_word' id='word_1_169' title='bbox 643 1916 738 1956; x_wconf 85' lang='lat' dir='ltr'><strong>anni</strong></span> <span class='ocrx_word' id='word_1_170' title='bbox 776 1918 955 1966; x_wconf 87' lang='lat' dir='ltr'><strong>tempore</strong></span> <span class='ocrx_word' id='word_1_171' title='bbox 997 1916 1076 1954; x_wconf 86' lang='lat' dir='ltr'><strong>tria</strong></span> <span class='ocrx_word' id='word_1_172' title='bbox 1115 1914 1159 1953; x_wconf 91' lang='lat' dir='ltr'><strong>in</strong></span> <span class='ocrx_word' id='word_1_173' title='bbox 1201 1914 1361 1954; x_wconf 79' lang='lat' dir='ltr'><strong>scholiis</strong></span> <span class='ocrx_word' id='word_1_174' title='bbox 1400 1913 1621 1953; x_wconf 83' lang='lat' dir='ltr'><strong>Pindaricis</strong></span> <span class='ocrx_word' id='word_1_175' title='bbox 1663 1914 1822 1953; x_wconf 81' lang='lat' dir='ltr'><strong>exstant</strong></span> 
     </span>
     <span class='ocr_line' id='line_1_22' title="bbox 247 1971 1819 2032; baseline -0.002 -12"><span class='ocrx_word' id='word_1_176' title='bbox 247 1981 487 2020; x_wconf 84' lang='lat' dir='ltr'><strong>testimonia</strong></span> <span class='ocrx_word' id='word_1_177' title='bbox 549 1980 724 2028; x_wconf 87' lang='lat' dir='ltr'><strong>Quorum</strong></span> <span class='ocrx_word' id='word_1_178' title='bbox 757 1981 931 2032; x_wconf 84' lang='lat' dir='ltr'><strong>primum</strong></span> <span class='ocrx_word' id='word_1_179' title='bbox 966 1980 1088 2020; x_wconf 86' lang='lat' dir='ltr'><strong>habes</strong></span> <span class='ocrx_word' id='word_1_180' title='bbox 1127 1979 1236 2019; x_wconf 85' lang='lat' dir='ltr'><strong>schol</strong></span> <span class='ocrx_word' id='word_1_181' title='bbox 1266 1978 1393 2018; x_wconf 86' lang='lat' dir='ltr'><strong>Ambr</strong></span> <span class='ocrx_word' id='word_1_182' title='bbox 1428 1977 1462 2019; x_wconf 90' lang='grc' dir='ltr'>Ο</span> <span class='ocrx_word' id='word_1_183' title='bbox 1492 1978 1555 2017; x_wconf 87' lang='grc' dir='ltr'><strong>ΠΙ</strong></span> <span class='ocrx_word' id='word_1_184' title='bbox 1586 1979 1661 2018; x_wconf 90' lang='grc'><strong>35·</strong></span> <span class='ocrx_word' id='word_1_185' title='bbox 1704 1971 1819 2027; x_wconf 89' lang='grc' dir='ltr'>διχό-</span> 
     </span>
     <span class='ocr_line' id='line_1_23' title="bbox 249 2038 1820 2099; baseline -0.003 -13"><span class='ocrx_word' id='word_1_186' title='bbox 249 2056 385 2095; x_wconf 87' lang='grc' dir='ltr'>μηνις·</span> <span class='ocrx_word' id='word_1_187' title='bbox 425 2043 643 2096; x_wconf 73' lang='grc' dir='ltr'>διχόμηνις</span> <span class='ocrx_word' id='word_1_188' title='bbox 673 2044 768 2099; x_wconf 81' lang='grc' dir='ltr'>(ὅτι</span> <span class='ocrx_word' id='word_1_189' title='bbox 800 2046 877 2086; x_wconf 84' lang='lat' dir='ltr'><strong>add</strong></span> <span class='ocrx_word' id='word_1_190' title='bbox 908 2042 1192 2097; x_wconf 86' lang='lat' dir='ltr'><strong>Drachmann&gt;</strong></span> <span class='ocrx_word' id='word_1_191' title='bbox 1230 2043 1328 2094; x_wconf 79' lang='grc' dir='ltr'>περὶ</span> <span class='ocrx_word' id='word_1_192' title='bbox 1357 2043 1436 2094; x_wconf 81' lang='grc' dir='ltr'>τὴν</span> <span class='ocrx_word' id='word_1_193' title='bbox 1467 2038 1520 2090; x_wconf 81' lang='grc' dir='ltr'><strong>ις’</strong></span> <span class='ocrx_word' id='word_1_194' title='bbox 1550 2041 1820 2093; x_wconf 86' lang='grc' dir='ltr'>πανςελήνου</span> 
     </span>
     <span class='ocr_line' id='line_1_24' title="bbox 248 2102 1820 2166; baseline -0.003 -14"><span class='ocrx_word' id='word_1_195' title='bbox 248 2105 360 2165; x_wconf 90' lang='grc' dir='ltr'>(-νης</span> <span class='ocrx_word' id='word_1_196' title='bbox 384 2106 443 2166; x_wconf 83' lang='grc' dir='ltr'><strong>Α)</strong></span> <span class='ocrx_word' id='word_1_197' title='bbox 475 2108 603 2162; x_wconf 86' lang='grc' dir='ltr'>οὔςης</span> <span class='ocrx_word' id='word_1_198' title='bbox 633 2108 781 2161; x_wconf 86' lang='grc' dir='ltr'>ἄγεται</span> <span class='ocrx_word' id='word_1_199' title='bbox 806 2110 860 2151; x_wconf 86' lang='grc' dir='ltr'><strong>τὰ</strong></span> <span class='ocrx_word' id='word_1_200' title='bbox 885 2108 1106 2160; x_wconf 87' lang='grc' dir='ltr'>Ὀλύμπια,</span> <span class='ocrx_word' id='word_1_201' title='bbox 1130 2108 1321 2150; x_wconf 84' lang='grc' dir='ltr'>τουτέςτι</span> <span class='ocrx_word' id='word_1_202' title='bbox 1345 2106 1553 2161; x_wconf 87' lang='grc' dir='ltr'>νουμηνίᾳ</span> <span class='ocrx_word' id='word_1_203' title='bbox 1576 2102 1820 2158; x_wconf 87' lang='grc' dir='ltr'>Παρθενίου</span> 
     </span>
     <span class='ocr_line' id='line_1_25' title="bbox 248 2168 1820 2231; baseline -0.003 -16"><span class='ocrx_word' id='word_1_204' title='bbox 248 2171 442 2230; x_wconf 87' lang='grc' dir='ltr'>(παρθν’)</span> <span class='ocrx_word' id='word_1_205' title='bbox 479 2176 505 2227; x_wconf 87' lang='grc' dir='ltr'>ἢ</span> <span class='ocrx_word' id='word_1_206' title='bbox 542 2172 839 2218; x_wconf 86' lang='grc' dir='ltr'>Ἀπολλωνίου</span> <span class='ocrx_word' id='word_1_207' title='bbox 880 2170 1099 2231; x_wconf 85' lang='grc' dir='ltr'>(ἀπολλῶ)</span> <span class='ocrx_word' id='word_1_208' title='bbox 1141 2172 1274 2225; x_wconf 90' lang='grc' dir='ltr'>μηνὸς</span> <span class='ocrx_word' id='word_1_209' title='bbox 1312 2169 1413 2229; x_wconf 87' lang='grc' dir='ltr'>(μήν</span> <span class='ocrx_word' id='word_1_210' title='bbox 1443 2171 1519 2226; x_wconf 80' lang='grc' dir='ltr'><strong>Δ),</strong></span> <span class='ocrx_word' id='word_1_211' title='bbox 1561 2168 1667 2222; x_wconf 85' lang='grc' dir='ltr'>παρ’</span> <span class='ocrx_word' id='word_1_212' title='bbox 1695 2169 1820 2220; x_wconf 84' lang='grc' dir='ltr'>Αἰγυ-</span> 
     </span>
     <span class='ocr_line' id='line_1_26' title="bbox 248 2237 1820 2296; baseline -0.004 -15"><span class='ocrx_word' id='word_1_213' title='bbox 248 2237 385 2281; x_wconf 87' lang='grc' dir='ltr'>πτίοις</span> <span class='ocrx_word' id='word_1_214' title='bbox 411 2239 512 2282; x_wconf 88' lang='grc' dir='ltr'><strong>Θὼθ</strong></span> <span class='ocrx_word' id='word_1_215' title='bbox 542 2240 568 2292; x_wconf 86' lang='grc' dir='ltr'>ἢ</span> <span class='ocrx_word' id='word_1_216' title='bbox 596 2239 831 2292; x_wconf 84' lang='grc' dir='ltr'>Μεςωριών</span> <span class='ocrx_word' id='word_1_217' title='bbox 857 2237 977 2296; x_wconf 91' lang='grc' dir='ltr'>(-ίων</span> <span class='ocrx_word' id='word_1_218' title='bbox 1001 2238 1072 2294; x_wconf 81' lang='grc' dir='ltr'><strong>Α).</strong></span> <span class='ocrx_word' id='word_1_219' title='bbox 1127 2240 1366 2280; x_wconf 85' lang='lat' dir='ltr'><strong>Parthenius</strong></span> <span class='ocrx_word' id='word_1_220' title='bbox 1397 2242 1437 2279; x_wconf 81' lang='lat' dir='ltr'><strong>et</strong></span> <span class='ocrx_word' id='word_1_221' title='bbox 1465 2237 1703 2289; x_wconf 80' lang='lat' dir='ltr'><strong>Apollonius</strong></span> <span class='ocrx_word' id='word_1_222' title='bbox 1734 2237 1820 2287; x_wconf 89' lang='lat' dir='ltr'><strong>qui-</strong></span> 
     </span>
     <span class='ocr_line' id='line_1_27' title="bbox 247 2302 1820 2359; baseline -0.003 -14"><span class='ocrx_word' id='word_1_223' title='bbox 247 2305 322 2346; x_wconf 88' lang='lat' dir='ltr'><strong>bus</strong></span> <span class='ocrx_word' id='word_1_224' title='bbox 353 2307 552 2347; x_wconf 82' lang='lat' dir='ltr'><strong>mensibus</strong></span> <span class='ocrx_word' id='word_1_225' title='bbox 590 2308 722 2347; x_wconf 84' lang='lat' dir='ltr'><strong>atticis</strong></span> <span class='ocrx_word' id='word_1_226' title='bbox 758 2307 1025 2359; x_wconf 80' lang='lat' dir='ltr'><strong>respondeant</strong></span> <span class='ocrx_word' id='word_1_227' title='bbox 1062 2307 1310 2358; x_wconf 81' lang='lat' dir='ltr'><strong>ignoramus3</strong></span> <span class='ocrx_word' id='word_1_228' title='bbox 1351 2304 1393 2343; x_wconf 89' lang='lat' dir='ltr'><strong>id</strong></span> <span class='ocrx_word' id='word_1_229' title='bbox 1433 2304 1588 2343; x_wconf 84' lang='lat' dir='ltr'><strong>constat</strong></span> <span class='ocrx_word' id='word_1_230' title='bbox 1625 2302 1820 2341; x_wconf 82' lang='lat' dir='ltr'><strong>mensium</strong></span> 
     </span>
     <span class='ocr_line' id='line_1_28' title="bbox 249 2360 1820 2423; baseline -0.003 -13"><span class='ocrx_word' id='word_1_231' title='bbox 249 2371 427 2411; x_wconf 85' lang='lat' dir='ltr'><strong>ordinem</strong></span> <span class='ocrx_word' id='word_1_232' title='bbox 451 2383 535 2411; x_wconf 89' lang='lat' dir='ltr'><strong>esse</strong></span> <span class='ocrx_word' id='word_1_233' title='bbox 559 2373 772 2423; x_wconf 85' lang='lat' dir='ltr'><strong>inversum,</strong></span> <span class='ocrx_word' id='word_1_234' title='bbox 802 2360 896 2412; x_wconf 85' lang='lat' dir='ltr'><strong>nam</strong></span> <span class='ocrx_word' id='word_1_235' title='bbox 922 2370 1105 2422; x_wconf 84' lang='grc' dir='ltr'>Μεςωρί,</span> <span class='ocrx_word' id='word_1_236' title='bbox 1129 2371 1212 2411; x_wconf 81' lang='lat' dir='ltr'><strong>sive</strong></span> <span class='ocrx_word' id='word_1_237' title='bbox 1237 2370 1285 2410; x_wconf 90' lang='lat' dir='ltr'><strong>de</strong></span> <span class='ocrx_word' id='word_1_238' title='bbox 1309 2368 1599 2420; x_wconf 78' lang='lat' dir='ltr'><strong>Aegyptiorum</strong></span> <span class='ocrx_word' id='word_1_239' title='bbox 1622 2378 1726 2417; x_wconf 82' lang='lat' dir='ltr'><strong>vago</strong></span> <span class='ocrx_word' id='word_1_240' title='bbox 1751 2365 1820 2416; x_wconf 87' lang='lat' dir='ltr'><strong>qui</strong></span> 
     </span>
    </p>
   </div>
   <div class='ocr_carea' id='block_1_5' title="bbox 248 2430 1911 2489">
    <p class='ocr_par' dir='ltr' id='par_1_5' title="bbox 248 2430 1911 2489">
     <span class='ocr_line' id='line_1_29' title="bbox 248 2430 1911 2489; baseline 0.001 -14"><span class='ocrx_word' id='word_1_241' title='bbox 248 2439 415 2476; x_wconf 81' lang='lat' dir='ltr'><strong>vocatur</strong></span> <span class='ocrx_word' id='word_1_242' title='bbox 452 2449 555 2476; x_wconf 91' lang='lat' dir='ltr'><strong>anno</strong></span> <span class='ocrx_word' id='word_1_243' title='bbox 587 2438 757 2489; x_wconf 83' lang='lat' dir='ltr'><strong>cogitas,</strong></span> <span class='ocrx_word' id='word_1_244' title='bbox 793 2438 877 2478; x_wconf 88' lang='lat' dir='ltr'><strong>sive</strong></span> <span class='ocrx_word' id='word_1_245' title='bbox 909 2458 965 2465; x_wconf 90' lang='lat'><em>-</em></span> <span class='ocrx_word' id='word_1_246' title='bbox 998 2436 1103 2487; x_wconf 89' lang='lat' dir='ltr'><strong>quod</strong></span> <span class='ocrx_word' id='word_1_247' title='bbox 1132 2436 1301 2476; x_wconf 78' lang='lat' dir='ltr'><strong>fortasse</strong></span> <span class='ocrx_word' id='word_1_248' title='bbox 1330 2434 1510 2484; x_wconf 82' lang='lat' dir='ltr'><strong>praestat</strong></span> <span class='ocrx_word' id='word_1_249' title='bbox 1539 2453 1595 2460; x_wconf 97' lang='lat'><strong>—</strong></span> <span class='ocrx_word' id='word_1_250' title='bbox 1626 2430 1675 2470; x_wconf 86' lang='lat' dir='ltr'><strong>de</strong></span> <span class='ocrx_word' id='word_1_251' title='bbox 1704 2431 1820 2472; x_wconf 79' lang='lat' dir='ltr'><strong>fastis</strong></span> <span class='ocrx_word' id='word_1_252' title='bbox 1907 2473 1911 2477; x_wconf 86' lang='lat'><strong>.</strong></span> 
     </span>
    </p>
   </div>
   <div class='ocr_carea' id='block_1_6' title="bbox 244 2495 1819 2683">
    <p class='ocr_par' dir='ltr' id='par_1_6' title="bbox 244 2495 1819 2683">
     <span class='ocr_line' id='line_1_30' title="bbox 248 2495 1819 2552; baseline -0.004 -11"><span class='ocrx_word' id='word_1_253' title='bbox 248 2501 540 2552; x_wconf 85' lang='lat' dir='ltr'><strong>Alexandrinis,</strong></span> <span class='ocrx_word' id='word_1_254' title='bbox 572 2503 741 2542; x_wconf 87' lang='lat' dir='ltr'><strong>alterum</strong></span> <span class='ocrx_word' id='word_1_255' title='bbox 770 2503 886 2542; x_wconf 82' lang='lat' dir='ltr'><strong>illum</strong></span> <span class='ocrx_word' id='word_1_256' title='bbox 915 2515 1091 2542; x_wconf 85' lang='lat' dir='ltr'><strong>mensem</strong></span> <span class='ocrx_word' id='word_1_257' title='bbox 1121 2500 1329 2541; x_wconf 83' lang='lat' dir='ltr'><strong>antecedit.</strong></span> <span class='ocrx_word' id='word_1_258' title='bbox 1387 2497 1464 2537; x_wconf 82' lang='lat' dir='ltr'><strong>Sed</strong></span> <span class='ocrx_word' id='word_1_259' title='bbox 1493 2495 1697 2537; x_wconf 82' lang='lat' dir='ltr'><strong>videamus</strong></span> <span class='ocrx_word' id='word_1_260' title='bbox 1722 2496 1819 2536; x_wconf 84' lang='lat' dir='ltr'><strong>alte-</strong></span> 
     </span>
     <span class='ocr_line' id='line_1_31' title="bbox 247 2558 1819 2618; baseline -0.003 -12"><span class='ocrx_word' id='word_1_261' title='bbox 247 2581 336 2606; x_wconf 88' lang='lat' dir='ltr'><strong>rum</strong></span> <span class='ocrx_word' id='word_1_262' title='bbox 366 2568 650 2618; x_wconf 83' lang='lat' dir='ltr'><strong>testimonium,</strong></span> <span class='ocrx_word' id='word_1_263' title='bbox 680 2567 806 2608; x_wconf 87' lang='lat' dir='ltr'><strong>scholl</strong></span> <span class='ocrx_word' id='word_1_264' title='bbox 835 2568 936 2607; x_wconf 80' lang='lat' dir='ltr'><strong>Vatt</strong></span> <span class='ocrx_word' id='word_1_265' title='bbox 966 2566 999 2607; x_wconf 93' lang='grc' dir='ltr'>Ο</span> <span class='ocrx_word' id='word_1_266' title='bbox 1029 2566 1094 2606; x_wconf 83' lang='grc' dir='ltr'><strong>ΠΙ</strong></span> <span class='ocrx_word' id='word_1_267' title='bbox 1124 2567 1200 2606; x_wconf 84' lang='lat'><strong>35:</strong></span> <span class='ocrx_word' id='word_1_268' title='bbox 1236 2562 1397 2613; x_wconf 88' lang='grc' dir='ltr'>γίνεται</span> <span class='ocrx_word' id='word_1_269' title='bbox 1427 2559 1476 2602; x_wconf 82' lang='grc' dir='ltr'><strong>δὲ</strong></span> <span class='ocrx_word' id='word_1_270' title='bbox 1507 2558 1533 2601; x_wconf 89' lang='grc' dir='ltr'>ὁ</span> <span class='ocrx_word' id='word_1_271' title='bbox 1563 2559 1683 2609; x_wconf 84' lang='grc' dir='ltr'>ἀγὼν</span> <span class='ocrx_word' id='word_1_272' title='bbox 1712 2559 1819 2602; x_wconf 82' lang='grc' dir='ltr'>ποτὲ</span> 
     </span>
     <span class='ocr_line' id='line_1_32' title="bbox 244 2616 1819 2683; baseline -0.004 -10"><span class='ocrx_word' id='word_1_273' title='bbox 244 2631 327 2682; x_wconf 63' lang='grc' dir='ltr'><strong>Δμὲν</strong></span> <span class='ocrx_word' id='word_1_274' title='bbox 365 2630 435 2673; x_wconf 89' lang='grc' dir='ltr'><strong>διὰ</strong></span> <span class='ocrx_word' id='word_1_275' title='bbox 470 2631 782 2683; x_wconf 85' lang='grc' dir='ltr'>τεςςαράκοντα</span> <span class='ocrx_word' id='word_1_276' title='bbox 818 2631 948 2674; x_wconf 82' lang='grc' dir='ltr'>ἐννέα</span> <span class='ocrx_word' id='word_1_277' title='bbox 988 2631 1152 2683; x_wconf 88' lang='grc' dir='ltr'>μηνῶν,</span> <span class='ocrx_word' id='word_1_278' title='bbox 1195 2627 1302 2670; x_wconf 80' lang='grc' dir='ltr'>ποτὲ</span> <span class='ocrx_word' id='word_1_279' title='bbox 1340 2625 1388 2668; x_wconf 83' lang='grc' dir='ltr'><strong>δὲ</strong></span> <span class='ocrx_word' id='word_1_280' title='bbox 1430 2616 1501 2666; x_wconf 84' lang='grc' dir='ltr'><strong>διὰ</strong></span> <span class='ocrx_word' id='word_1_281' title='bbox 1541 2624 1819 2677; x_wconf 80' lang='grc' dir='ltr'>πεντήκοντα,</span> 
     </span>
    </p>
   </div>
   <div class='ocr_carea' id='block_1_7' title="bbox 249 2687 1818 2808">
    <p class='ocr_par' dir='ltr' id='par_1_7' title="bbox 249 2687 1818 2808">
     <span class='ocr_line' id='line_1_33' title="bbox 249 2687 1818 2751; baseline -0.004 -13"><span class='ocrx_word' id='word_1_282' title='bbox 249 2693 351 2738; x_wconf 84' lang='grc' dir='ltr'>ὅθεν</span> <span class='ocrx_word' id='word_1_283' title='bbox 382 2695 451 2738; x_wconf 85' lang='grc' dir='ltr'><strong>καὶ</strong></span> <span class='ocrx_word' id='word_1_284' title='bbox 480 2695 587 2738; x_wconf 82' lang='grc' dir='ltr'>ποτὲ</span> <span class='ocrx_word' id='word_1_285' title='bbox 619 2696 697 2748; x_wconf 81' lang='grc' dir='ltr'>μὲν</span> <span class='ocrx_word' id='word_1_286' title='bbox 727 2698 790 2751; x_wconf 80' lang='grc' dir='ltr'><strong>τῷ</strong></span> <span class='ocrx_word' id='word_1_287' title='bbox 820 2693 1100 2748; x_wconf 86' lang='grc' dir='ltr'>Ἀπολλωνίῳ</span> <span class='ocrx_word' id='word_1_288' title='bbox 1131 2691 1248 2746; x_wconf 86' lang='grc' dir='ltr'>μηνί,</span> <span class='ocrx_word' id='word_1_289' title='bbox 1281 2690 1387 2734; x_wconf 79' lang='grc' dir='ltr'>ποτὲ</span> <span class='ocrx_word' id='word_1_290' title='bbox 1419 2689 1467 2732; x_wconf 83' lang='grc' dir='ltr'><strong>δὲ</strong></span> <span class='ocrx_word' id='word_1_291' title='bbox 1497 2690 1560 2744; x_wconf 85' lang='grc' dir='ltr'><strong>τῷ</strong></span> <span class='ocrx_word' id='word_1_292' title='bbox 1589 2687 1818 2745; x_wconf 85' lang='grc' dir='ltr'>Παρθενίῳ</span> 
     </span>
     <span class='ocr_line' id='line_1_34' title="bbox 250 2755 1818 2808; baseline -0.003 -7"><span class='ocrx_word' id='word_1_293' title='bbox 250 2759 515 2804; x_wconf 83' lang='grc' dir='ltr'>ἐπιτελεῖται.</span> <span class='ocrx_word' id='word_1_294' title='bbox 589 2763 643 2803; x_wconf 81' lang='lat' dir='ltr'><strong>Et</strong></span> <span class='ocrx_word' id='word_1_295' title='bbox 685 2763 791 2803; x_wconf 87' lang='lat' dir='ltr'><strong>diem</strong></span> <span class='ocrx_word' id='word_1_296' title='bbox 832 2763 929 2804; x_wconf 83' lang='lat' dir='ltr'><strong>XVI</strong></span> <span class='ocrx_word' id='word_1_297' title='bbox 968 2765 1010 2802; x_wconf 85' lang='lat' dir='ltr'><strong>et</strong></span> <span class='ocrx_word' id='word_1_298' title='bbox 1046 2771 1201 2801; x_wconf 83' lang='lat' dir='ltr'><strong>menses</strong></span> <span class='ocrx_word' id='word_1_299' title='bbox 1236 2757 1270 2798; x_wconf 83' lang='lat' dir='ltr'>L</span> <span class='ocrx_word' id='word_1_300' title='bbox 1313 2755 1520 2797; x_wconf 87' lang='lat' dir='ltr'><strong>confirmat</strong></span> <span class='ocrx_word' id='word_1_301' title='bbox 1560 2755 1818 2808; x_wconf 79' lang='lat' dir='ltr'><strong>Bacchylides</strong></span> 
     </span>
    </p>
   </div>
   <div class='ocr_carea' id='block_1_8' title="bbox 249 2841 533 2851">
    <p class='ocr_par' dir='ltr' id='par_1_8' title="bbox 249 2841 533 2851">
     <span class='ocr_line' id='line_1_35' title="bbox 249 2841 533 2851; baseline 0 509"><span class='ocrx_word' id='word_1_302' title='bbox 249 2841 533 2851; x_wconf 95' lang='lat' dir='ltr'><strong> </strong></span> 
     </span>
    </p>
   </div>
   <div class='ocr_carea' id='block_1_9' title="bbox 252 2882 1818 2985">
    <p class='ocr_par' dir='ltr' id='par_1_9' title="bbox 252 2882 1818 2985">
     <span class='ocr_line' id='line_1_36' title="bbox 371 2882 1818 2934; baseline -0.003 -9"><span class='ocrx_word' id='word_1_303' title='bbox 371 2887 403 2934; x_wconf 72' lang='lat'><strong>⁸)</strong></span> <span class='ocrx_word' id='word_1_304' title='bbox 430 2888 700 2933; x_wconf 85' lang='grc' dir='ltr'>πενταετηρίδα</span> <span class='ocrx_word' id='word_1_305' title='bbox 726 2887 757 2924; x_wconf 95' lang='grc' dir='ltr'><strong>Ο</strong></span> <span class='ocrx_word' id='word_1_306' title='bbox 782 2887 834 2922; x_wconf 87' lang='lat' dir='ltr'><strong>m</strong></span> <span class='ocrx_word' id='word_1_307' title='bbox 858 2891 916 2932; x_wconf 76' lang='lat'><strong>21,</strong></span> <span class='ocrx_word' id='word_1_308' title='bbox 941 2887 1131 2931; x_wconf 89' lang='grc' dir='ltr'>διχόμηνις</span> <span class='ocrx_word' id='word_1_309' title='bbox 1150 2904 1195 2911; x_wconf 90' lang='grc'><strong>--</strong></span> <span class='ocrx_word' id='word_1_310' title='bbox 1216 2885 1328 2928; x_wconf 85' lang='grc' dir='ltr'>Μήνα</span> <span class='ocrx_word' id='word_1_311' title='bbox 1355 2885 1412 2928; x_wconf 83' lang='grc'><strong>19,</strong></span> <span class='ocrx_word' id='word_1_312' title='bbox 1441 2882 1692 2928; x_wconf 72' lang='grc' dir='ltr'>πεμπαμέροις</span> <span class='ocrx_word' id='word_1_313' title='bbox 1714 2882 1818 2928; x_wconf 76' lang='grc' dir='ltr'>ἁμίλ·</span> 
     </span>
     <span class='ocr_line' id='line_1_37' title="bbox 252 2935 1576 2985; baseline -0.002 -9"><span class='ocrx_word' id='word_1_314' title='bbox 252 2942 331 2977; x_wconf 84' lang='grc' dir='ltr'>λαις</span> <span class='ocrx_word' id='word_1_315' title='bbox 356 2939 387 2975; x_wconf 94' lang='grc' dir='ltr'><strong>Ο</strong></span> <span class='ocrx_word' id='word_1_316' title='bbox 413 2940 447 2976; x_wconf 89' lang='lat' dir='ltr'><strong>V</strong></span> <span class='ocrx_word' id='word_1_317' title='bbox 471 2944 512 2985; x_wconf 70' lang='grc' dir='ltr'><strong>ὃς</strong></span> <span class='ocrx_word' id='word_1_318' title='bbox 537 2941 578 2977; x_wconf 85' lang='lat' dir='ltr'><strong>cf</strong></span> <span class='ocrx_word' id='word_1_319' title='bbox 598 2940 698 2977; x_wconf 80' lang='lat' dir='ltr'><strong>Paua</strong></span> <span class='ocrx_word' id='word_1_320' title='bbox 722 2940 758 2976; x_wconf 84' lang='lat' dir='ltr'><strong>V</strong></span> <span class='ocrx_word' id='word_1_321' title='bbox 781 2944 814 2976; x_wconf 78' lang='lat'><strong>9.</strong></span> <span class='ocrx_word' id='word_1_322' title='bbox 841 2944 876 2985; x_wconf 83' lang='lat'><strong>3,</strong></span> <span class='ocrx_word' id='word_1_323' title='bbox 904 2938 1010 2975; x_wconf 78' lang='lat' dir='ltr'><strong>schol</strong></span> <span class='ocrx_word' id='word_1_324' title='bbox 1034 2937 1132 2974; x_wconf 82' lang='lat' dir='ltr'><strong>Pind</strong></span> <span class='ocrx_word' id='word_1_325' title='bbox 1157 2936 1188 2973; x_wconf 94' lang='grc' dir='ltr'>Ο</span> <span class='ocrx_word' id='word_1_326' title='bbox 1213 2935 1264 2972; x_wconf 86' lang='grc' dir='ltr'><strong>ΙΠ</strong></span> <span class='ocrx_word' id='word_1_327' title='bbox 1288 2939 1347 2982; x_wconf 80' lang='grc'><strong>83,</strong></span> <span class='ocrx_word' id='word_1_328' title='bbox 1370 2935 1405 2971; x_wconf 88' lang='lat' dir='ltr'><strong>V</strong></span> <span class='ocrx_word' id='word_1_329' title='bbox 1429 2938 1461 2973; x_wconf 91' lang='lat'><strong>8.</strong></span> <span class='ocrx_word' id='word_1_330' title='bbox 1487 2939 1544 2973; x_wconf 77' lang='lat'><strong>14.</strong></span> <span class='ocrx_word' id='word_1_331' title='bbox 1574 2959 1576 2961; x_wconf 59' lang='lat'>&gt;</span> 
     </span>
    </p>
   </div>
  </div>
 </body>
</html>
