2014 3360
270 201 330 252 60
518 243 521 245 .
936 206 1184 244 PINDARVS

482 319 543 371 N,
581 319 695 360 nulla
730 320 922 372 temporis
958 313 1055 361 nota
1084 321 1128 360 ιιι
1160 314 1272 375 ΟΕ).
1333 317 1563 369 Tenendum
1592 318 1719 372 igitur
1747 317 1843 358 Dia-

341 408 343 411 ·
381 392 454 437 464
485 398 625 439 goram
654 386 798 426 vicisse
827 386 868 426 ol
901 380 1020 441 79³¹)

298 461 334 503 Ο
357 461 460 502 vm
486 457 776 512 Ἀλκιμέδοντι
800 456 1050 517 (Αἰγινήτῃ)
1069 459 1189 503 παιδὶ
1213 460 1433 513 παλαιετῇ.
1456 482 1508 490 -
1529 459 1742 512 νικήεαντι
1765 457 1846 512 τὴν
1891 490 1894 493 >

483 521 535 567 π’
559 523 623 568 ὀλ.
649 526 781 568 BC'D
795 528 847 578 V3
875 527 1128 579 inscriptioni
1145 527 1338 579 :plerique
1369 527 1411 566 et
1438 526 1575 566 frah-is
1599 527 1641 566 et
1662 525 1847 580 magistri

380 599 452 634 400
481 605 627 633 nomen
664 592 827 633 addunt.
891 591 1059 634 Carmen
1100 592 1228 645 igitur
1263 591 1564 632 adscribendum
1605 603 1710 632 anno
1746 586 1860 636 460„

481 657 631 699 Actum
654 670 739 699 esse
769 671 851 699 non
880 657 1079 711 Aeginae,
1109 657 1185 698 sed'
1206 655 1417 709 Olympiae
1446 658 1612 708 propter
1642 648 1855 700 exordium-

485 724 640 765 censuit
669 723 842 775 Boeckh,
871 736 992 785 fluem
1021 723 1149 764 secuti
1178 724 1274 763 sunt
1298 734 1387 762 cum
1410 722 1542 773 multi,
1571 724 1659 762 tum
1681 715 1845 778 Bergk¹,
1881 741 1883 743 ·

482 788 641 830 Primus
661 790 868 830 oblocutus
887 791 949 830 est
959 788 1148 841 Hartung
1164 790 1330 840 propter
1348 784 1477 828 τάνδε
1491 788 1548 828 25
1568 789 1610 827 et
1628 787 1757 837 δεῦρο
1778 787 1851 838 51,·

481 857 588 895 recte
625 855 704 895 nisi
736 854 843 906 quod
871 854 1116 894 Nemeaeum
1152 855 1311 894 carmen
1348 865 1434 894 esse
1467 853 1638 904 putabat
1668 846 1715 907 (v
1745 864 1847 903 quae

482 920 534 960 ad
575 933 603 960 v
641 921 695 960 16
738 915 1048 976 adnotavimus).
1123 919 1228 959 Tum
1273 919 1431 958 mutata
1473 918 1671 958 sententia
1713 917 1847 969 Bergk

482 979 625 1041 (proll⁴
650 999 677 1038 p
705 980 752 1041 5)
783 981 991 1038 ‘Aeginae,
1020 997 1101 1025 non
1131 983 1342 1036 Olympiae
1373 978 1606 1033 cantatum’,
1636 982 1848 1023 absurdam

482 1050 533 1091 ad
563 1051 750 1092 carminis
777 1064 805 1091 v
830 1052 855 1092 9
887 1050 1239 1103 grammaticorum
1268 1051 1449 1090 veterum
1478 1048 1848 1099 interpretationem

483 1117 701 1168 amplexus,
731 1111 794 1157 ἵν’
824 1113 851 1170 ᾗ
883 1114 993 1165 πρὸ(
1022 1113 1102 1155 τὸν
1132 1111 1221 1156 Δία
1252 1112 1405 1162 λέγων.
1464 1112 1573 1152 Illud
1607 1124 1847 1165 magnopere

483 1182 660 1222 exercuit
689 1182 798 1222 viros
828 1180 985 1231 doctos,
1023 1193 1102 1232 quo
1139 1181 1259 1232 pacto
1289 1178 1430 1219 chorus
1460 1191 1533 1230 per
1561 1178 1759 1231 Aeginam
1787 1178 1847 1218 in·

483 1247 624 1288 cedens
663 1246 893 1299 Olympiam
928 1259 1009 1287 nou
1046 1245 1177 1287 solum
1217 1245 1421 1295 invocare,
1462 1257 1601 1284 verum
1643 1244 1766 1284 etiam
1801 1245 1849 1284 ut

482 1326 672 1365 pompam
703 1312 902 1364 acciperet
925 1323 1038 1352 orare
1061 1310 1249 1362 potuerit.
1298 1308 1356 1349 At
1378 1309 1596 1361 nympham
1619 1308 1854 1362 Olympiam.

482 1391 611 1430 neque
649 1378 834 1418 sollemni
868 1376 1062 1429 religione
1099 1375 1250 1416 cultam
1284 1386 1357 1414 nec
1391 1375 1619 1415 fabularum
1647 1376 1847 1416 vetustate

482 1444 756 1494 nobilitatam,
794 1442 883 1483 sed·
899 1444 1042 1495 poetae
1076 1440 1238 1493 ingenio
1252 1448 1255 1451 '
1269 1440 1386 1492 quasi
1415 1442 1589 1480 creatam
1617 1440 1702 1480 veri
1739 1440 1847 1481 simi·

481 1510 561 1550 lius
599 1509 701 1549 mihi
730 1507 890 1549 videtur
919 1508 1073 1548 eminus
1103 1506 1299 1556 invocari,
1335 1507 1382 1545 ut
1410 1517 1484 1557 pro
1513 1505 1682 1546 victoria
1712 1504 1848 1557 Olym·

482 1576 573 1628 pica
599 1574 774 1627 gratiam
798 1573 875 1614 sibi
897 1572 1038 1613 referri
1062 1571 1326 1622 carminisque
1349 1571 1597 1622 prooemium
1618 1564 1670 1625 (P
1687 1570 1790 1610 VIII
1810 1572 1850 1622 1,

484 1639 518 1680 P
542 1639 624 1679 VH
650 1634 697 1695 2)
729 1651 770 1679 se
800 1638 888 1678 fieri
918 1638 1037 1688 sinat,
1068 1649 1190 1689 quam
1214 1635 1265 1676 ad
1288 1635 1489 1688 Alpheum
1512 1635 1645 1688 ipsum
1666 1636 1710 1676 in
1733 1637 1849 1677 tanta

484 1704 757 1759 praesentium
794 1703 959 1744 deorum
993 1702 1235 1754 dearumque
1270 1701 1496 1753 frequentia
1539 1714 1586 1741 ac
1625 1701 1847 1742 nobilitate.

482 1771 609 1811 Aram
647 1769 808 1821 quidem
838 1768 1048 1820 Olympiae
1083 1762 1187 1822 (sive
1222 1761 1364 1822 Pisae)
1399 1766 1598 1819 nymphae
1633 1768 1850 1820 propriam,

485 1848 563 1888 quo
603 1848 751 1888 pompa
788 1846 1033 1885 coronaeque
1069 1833 1242 1886 gestatio
1278 1832 1534 1886 dirigeretur,
1576 1845 1704 1885 neque
1741 1831 1849 1886 apud

483 1901 702 1953 Aeginetae
740 1899 939 1940 exstitisse
969 1898 1176 1952 probabile
1207 1900 1270 1939 est
1300 1911 1428 1950 neque
1465 1898 1571 1951 apud
1601 1899 1726 1939 Eleos
1750 1892 1848 1954 (nisi

482 1967 587 2007 forte
616 1965 806 2017 Ilithyiae
844 1965 1077 2018 cognomine
1107 1963 1330 2016 Olympiae,
1359 1963 1465 2005 Paus
1483 1963 1544 2004 VI
1569 1965 1638 2015 20,
1657 1959 1716 2020 2).
1763 1964 1848 2004 Nu·

482 2045 555 2084 per
584 2044 774 2084 pompam
803 2030 1056 2083 Olympicam
1085 2030 1138 2070 cll
1167 2030 1403 2082 praesertim
1439 2043 1494 2071 vv
1525 2031 1579 2072 69
1602 2039 1642 2071 es
1678 2030 1849 2082 explosit

483 2097 738 2138 Drachmann
761 2095 1177 2148 Pindar-fortolkning
1200 2095 1389 2147 Kjebenh
1413 2096 1541 2148 1891,
1566 2097 1662 2138 1⁷5.

330 2175 365 2216 Ο
395 2175 454 2216 IX
484 2170 767 2228 Ἐφαρμόετψ
797 2169 1041 2227 Ὀπουντίῳ
1075 2172 1294 2227 παλαιστῇ.
1345 2172 1463 2214 Schol
1495 2174 1569 2214 17:
1605 2169 1767 2222 ἐνίκηεε
1798 2169 1848 2213 δὲ

483 2236 509 2280 ὁ
548 2235 645 2290 Ἐφ.
682 2237 751 2280 καὶ
788 2236 1000 2289 Ὀλύμπια
1043 2234 1104 2279 ὡς
1147 2239 1361 2289 προεῖπον
1398 2233 1633 2294 (Didymus,
1669 2238 1710 2278 cf
1738 2236 1848 2288 schol

484 2304 519 2346 O
543 2304 587 2345 11
613 2306 681 2345 70.
702 2299 780 2361 82)
812 2302 880 2345 καὶ
910 2301 1069 2346 Πύθια·
1100 2298 1282 2359 (gravius
1312 2305 1435 2345 etiam
1464 2303 1678 2356 distinguit
1697 2300 1767 2354 [=-]
1794 2297 1847 2358 V)
1926 2350 1932 2355 ,

484 2364 558 2420 στ’
588 2366 818 2421 ὀλυμπιάδι
848 2363 1008 2426 (BDE
1019 2370 1065 2421 V,
1096 2382 1161 2411 om
1195 2365 1258 2426 0),
1289 2372 1330 2411 et
1358 2369 1465 2409 infra
1498 2367 1567 2410 καὶ
1596 2365 1679 2417 γὰρ
1705 2365 1849 2408 Πύθια

483 2432 675 2487 ἑνίκηεεν
694 2431 734 2476 δ’
756 2434 838 2487 Εφ.
861 2436 913 2490 τῇ
938 2437 1160 2490 τριακοστῇ
1186 2431 1358 2477 πυθιάδι
1377 2429 1531 2490 (vulgo,
1551 2428 1617 2482 λγ’
1635 2431 1688 2483 Α,
1703 2444 1770 2472 om
1784 2425 1847 2487 (ἵ).

483 2501 544 2542 De
582 2500 822 2554 olympiadis
858 2514 1022 2542 numero
1053 2495 1133 2542 πα’
1163 2501 1206 2541 in
1235 2497 1326 2540 Fu*
1354 2499 1607 2552 inscriptioni
1643 2497 1779 2538 addito
1809 2497 1852 2536 cf

487 2567 539 2608 ad
569 2568 676 2608 inscr
700 2566 734 2609 O
753 2558 845 2608 VII.
902 2566 1069 2612 Qarmen
1099 2566 1345 2608 destinatum
1374 2565 1503 2617 epulis
1532 2563 1650 2604 Aiaci
1678 2562 1847 2602 Locren·

481 2634 587 2675 sium
615 2633 728 2674 heroi
758 2629 981 2686 ‘tamquam
1004 2629 1094 2673 deo'
1126 2630 1371 2673 celebrandis
1396 2624 1443 2685 (v
1463 2630 1548 2669 112
1568 2628 1605 2668 cl
1623 2626 1657 2668 O
1677 2626 1757 2666 vn
1771 2621 1847 2682 79)

480 2700 646 2752 propter
693 2698 793 2739 duas
833 2699 1086 2752 potissimum
1128 2695 1387 2750 Epharmosti
1429 2693 1636 2743 victorias,
1679 2692 1848 2732 alteram

392 2846 435 2903 ‘Q
450 2846 637 2885 Numero·
667 2848 730 2886 Fr>
754 2847 917 2885 traditos
946 2846 1087 2884 morari
1118 2844 1232 2889 desii,
1264 2853 1311 2880 ex
1365 2851 1415 2878 uo
1445 2850 1513 2902 per
1542 2838 1848 2901 Drachmpnnum

271 2903 438 2941 compen
461 2895 513 2931 ad
537 2895 568 2933 O
587 2894 658 2932 VII
682 2895 859 2933 adnotari
882 2897 938 2934 ὁλ.
961 2893 1029 2940 κη’
1057 2895 1118 2940 (ex
1142 2889 1233 2939 on'),
1259 2889 1291 2926 Ο
1424 2901 1454 2926 π
1471 2917 1482 2935 ,
1513 2886 1544 2925 Ο
1568 2886 1621 2924 IX
1642 2899 1696 2925 πα
1715 2917 1726 2935 ,
1755 2886 1788 2925 O
1812 2887 1846 2924 X

268 2939 351 2988 πβ’,
375 2939 408 2980 0
433 2940 503 2979 XII
524 2942 594 2989 πγ’
621 2953 667 2981 ex
691 2949 751 2990 οι,
775 2942 807 2980 O
831 2941 918 2979 xm
939 2939 1006 2980 1:0¹
1033 2951 1080 2978 ex
1103 2939 1181 2985 σθ’,
1205 2937 1238 2975 O
1262 2935 1350 2975 XIV
1372 2938 1525 2984 ὁγδοηκ.
1550 2945 1597 2973 ex
1619 2937 1792 2983 ἑβδομηκ.
