2014 3360
692 587 1100 637 APPENDIX

217 692 514 727 PRAEFATIO.
557 693 678 736 Spatio
686 693 772 735 plus
783 694 961 726 vicenario
974 694 1153 727 interiecto
1171 695 1207 727 si
1213 699 1279 737 per
1291 698 1484 737 temporum
1500 696 1688 738 angustias

101 742 269 783 fundatus
292 752 464 774 renovare
481 742 666 774 editionem
690 742 858 774 maiorem
882 742 1047 781 libuisset,
1073 743 1153 784 quis·
1171 753 1239 775 non
1258 744 1466 782 crediderit,
1492 754 1599 786 quam
1620 748 1688 785 pa·

104 794 184 823 rato
211 790 329 822 animo
353 790 500 822 obsoleta
525 789 680 828 delendo,
696 789 934 833 festinantius
953 790 1204 822 administrata
1223 792 1445 833 corrigendo,
1472 793 1578 824 ninn‘s
1597 802 1689 834 quae

103 838 282 872 nonnullis
305 838 382 870 visa
405 841 491 870 sunt
515 841 694 870 contracta
719 838 944 879 explanando
969 842 1005 869 et
1025 838 1223 880 legentibus
1253 843 1289 871 et
1314 840 1405 872 mihi
1426 841 1500 881 ip³e
1523 839 1687 885 satisfac·

103 890 208 925 turus
226 885 395 931 fuerim!
437 885 546 918 Nunc
582 885 785 927 appendicis
810 887 940 930 forma
972 895 1056 918 usus
1091 887 1287 929 legentibus
1307 887 1567 931 formidulosa,
1601 888 1691 920 mihi

103 934 174 977 ipsi
192 934 381 973 fastidiosa
406 934 695 966 adversariorum
721 935 827 976 quasi
845 934 1079 976 farraginem
1102 939 1310 976 expromere
1333 945 1451 978 cogor.

220 982 292 1014 Sed
314 992 392 1014 cum
417 982 600 1024 amplioris
624 982 667 1013 de
691 981 848 1014 Pindaro
879 983 994 1023 operis
1024 983 1153 1015 edendi
1179 983 1273 1015 hanc
1302 983 1465 1015 ultimam
1495 984 1691 1016 senescenti

100 1031 311 1062 occasionem
335 1029 471 1075 offerri
492 1030 574 1061 veri
592 1030 706 1061 simile
729 1030 786 1068 sit,
811 1031 993 1062 materiem
1019 1034 1113 1062 certe
1137 1042 1207 1063 non
1235 1032 1395 1063 inutilem
1419 1033 1581 1074 sequenti
1600 1031 1687 1064 Pin-

102 1078 188 1110 dari
208 1078 338 1110 editori
357 1078 393 1110 si
412 1078 602 1110 tradidisse
624 1078 776 1117 videbor,
802 1082 999 1110 contentum
1025 1089 1079 1110 me
1103 1089 1175 1111 esse
1199 1080 1379 1121 oportebit.

221 1149 387 1182 Berolim'
406 1159 523 1182 mense
547 1149 691 1182 Octobri
710 1149 946 1182 MCMXXJI
1527 1148 1574 1186 0.
1594 1148 1639 1186 S.

222 1233 315 1266 Com
317 1234 479 1276 pendia
505 1234 678 1276 quaedam
703 1234 923 1266 obscuriora:
974 1235 1024 1266 W
1024 1235 1060 1266 il
1083 1243 1179 1277 1904
1197 1257 1207 1268 .
1223 1259 1232 1267 .
1247 1258 1255 1268 .
1270 1258 1279 1273 ,
1307 1243 1402 1277 1909
1422 1259 1431 1268 .
1447 1259 1456 1268 .
1473 1260 1480 1268 .
1508 1249 1555 1263 ===
1576 1234 1684 1267 Wila-

101 1283 232 1315 nomn
255 1282 435 1324 Sitzgsber
451 1281 544 1314 Berl
559 1282 616 1314 Ak
633 1282 660 1314 d
683 1282 732 1312 W
746 1290 840 1324 1904
854 1306 862 1315 .
876 1305 884 1314 .
900 1308 907 1316 .
923 1305 932 1320 ,
954 1291 1048 1324 19⁰9
1068 1305 1077 1315 .
1091 1305 1101 1315 .
1117 1306 1126 1316 .
1207 1283 1333 1316 Maas
1357 1283 1473 1325 Resp
1486 1297 1532 1311 ε-
1546 1282 1686 1315 PMaas

101 1330 201 1364 Neue
224 1330 478 1375 Responsfreilc
496 1331 516 1361 b
535 1330 674 1362 Pindar
699 1340 723 1361 u
747 1330 912 1374 Bakclzyl
933 1330 1060 1362 Berlin
1088 1339 1194 1371 1014.
1215 1339 1308 1373 192!
1341 1331 1551 1363 Weidmann

100 1377 331 1421 (Schroeder)
356 1388 483 1410 comm
507 1378 569 1422 Py
580 1378 623 1409 tlt
644 1392 689 1405 ==
711 1374 868 1410 Pindars
886 1378 1038 1422 Pythien
1057 1379 1135 1410 erkl
1151 1389 1174 1410 v
1194 1378 1273 1411 Otto
1286 1379 1482 1411 Schroeder
1500 1379 1570 1420 Lpz
1591 1387 1686 1422 1922

580 1476 646 1515 De
671 1476 814 1516 libris
838 1489 979 1516 manu
1003 1477 1206 1528 seriptis

220 1548 324 1585 Duos
347 1548 499 1584 interim
533 1547 599 1594 qui
622 1547 870 1585 innotuerunt
894 1548 1051 1584 Pindari
1076 1549 1243 1593 codices,
1269 1549 1435 1585 Athoum
1460 1550 1596 1586 Iberon
1617 1553 1683 1586 161

102 1598 225 1643 (4281)
250 1607 335 1633 saec
359 1595 426 1642 qni
450 1596 571 1632 fertur
596 1595 692 1642 xm,
717 1598 757 1632 et
780 1596 823 1632 lb
845 1600 913 1632 150
939 1598 1063 1645 (4270)
1088 1608 1175 1633 saec
1193 1596 1274 1641 XV,
1299 1597 1409 1633 illum
1434 1597 1562 1644 01Py,
1586 1598 1687 1635 hunc

101 1644 148 1682 01
173 1644 420 1689 continentes,
444 1646 611 1681 nostrum
638 1644 678 1680 in
701 1656 812 1680 usum
836 1644 877 1680 in
903 1644 1134 1681 carminibus
1154 1645 1201 1681 Ol
1219 1645 1236 1680 1
1257 1645 1291 1681 11
1313 1645 1476 1682 contulit
1495 1646 1590 1682 sokr
1608 1645 1688 1681 Ku-

100 1694 204 1776 geas.
241 1693 290 1733 Et
313 1692 353 1728 in
378 1691 438 1728 his
464 1692 620 1738 quidem
645 1691 875 1728 carminibus
901 1692 972 1729 cod
994 1696 1061 1728 161
1088 1692 1361 1730 Ambrosianae
1381 1694 1610 1731 recensionis
1630 1693 1687 1730 af-

127 1740 186 1778 ni's
215 1740 367 1777 videtur
398 1751 479 1776 esse
512 1740 556 1784 (O
577 1740 594 1775 Ι
613 1743 658 1776 34
685 1741 867 1786 μάρτυροι
887 1758 931 1771 =
953 1741 1004 1786 D,
1039 1744 1085 1776 60
1111 1742 1312 1778 ἀθανάτων
1339 1741 1426 1783 ΟΒ,
1459 1746 1504 1778 84
1530 1743 1685 1787 ἄμοιρος

99 1789 197 1832 DF,
218 1791 285 1825 107
307 1790 419 1826 κῦδος
439 1789 551 1834 GFot,
572 1787 603 1824 Ο
622 1788 656 1824 11
672 1792 713 1825 11
735 1790 811 1835 (10)
830 1789 924 1825 αἰών
943 1789 978 1824 τ’
996 1789 1175 1834 ΑΟΒΝ,
1197 1793 1242 1825 35
1263 1791 1338 1836 (32)
1357 1790 1484 1827 ἀελίου
1503 1790 1684 1835 ACDN,

100 1840 144 1873 51
170 1839 247 1883 (46)
273 1838 397 1881 ἔχοντι
423 1837 603 1881 ΑΟΒΝ,
629 1840 675 1872 62
700 1838 776 1883 (56)
800 1849 859 1873 νιν
883 1837 1036 1883 ΑΟΝ),
1061 1847 1082 1874 e
1108 1849 1175 1873 suo
1200 1837 1392 1874 nonnullis
1418 1837 1518 1874 male
1544 1837 1686 1874 additis

99 1884 203 1921 velut
228 1884 258 1921 Ο
278 1885 296 1921 1
315 1889 372 1925 49,
397 1886 526 1929 τάμον·
543 1896 581 1921 ςε
605 1886 703 1922 κατὰ
729 1886 838 1930 μέλος
863 1887 909 1920 85
935 1887 989 1929 ςὺ,
1016 1889 1060 1920 97
1088 1886 1214 1932 ἀμφὶς.
1242 1906 1287 1912 -
1322 1886 1431 1922 Alter
1456 1886 1526 1923 cod
1548 1889 1616 1922 150
1642 1896 1688 1922 ex

99 1932 337 1979 interpolatis
357 1943 437 1968 esse
457 1932 674 1979 coarguitur
691 1932 919 1968 lectionibus
937 1934 1027 1977 παρ’
1040 1935 1141 1970 εὐάν.
1180 1932 1210 1969 Ο
1231 1934 1247 1969 1
1267 1937 1324 1979 24,
1345 1937 1446 1980 βροτ.
1467 1935 1611 1980 φρένας
1629 1937 1687 1978 28,

99 1983 226 2029 οὑτοςί
251 1982 349 2018 ἂεθλ.
371 1984 433 2024 84ς
459 1982 604 2026 πέφνεν
630 1982 685 2018 ἑοῖ
695 1979 734 2028 ,Ο
753 1981 788 2016 11
806 1984 852 2016 46
872 1981 959 2027 (42),
979 1982 1145 2025 ἐριπόντι
1163 1986 1207 2018 47
1228 1984 1316 2027 (43),
1335 1983 1514 2019 ἀλαθινόν
1534 1985 1578 2017 61
1600 1984 1687 2028 (55),

101 2031 176 2075 ἔχει
195 2032 240 2064 62
252 2030 339 2074 (56),
359 2030 535 2073 νέμονται
555 2049 599 2055 -
621 2030 720 2075 ἀκμᾷ
733 2032 857 2074 χερῶν
870 2030 947 2075 (69)
959 2030 1055 2075 (62);
1069 2029 1170 2065 idem
1183 2040 1298 2065 novas
1313 2030 1468 2066 exhibet
1479 2029 1684 2075 interpola-

101 2077 223 2113 tiones
242 2076 347 2112 velut
366 2077 526 2122 ἔςτεφον
540 2075 570 2112 Ο
586 2077 671 2120 168,
692 2087 834 2112 errores
850 2087 922 2112 non
935 2087 1089 2122 paucos,
1110 2088 1204 2123 quos
1224 2088 1443 2114 enumerare
1462 2077 1517 2113 nil
1536 2078 1685 2114 attinet.

219 2123 371 2170 Oxyrh
390 2135 467 2170 pap
485 2123 576 2169 163⁴¹⁴<
595 2123 673 2169 (vol
686 2124 771 2160 ΧΙΙΙ
793 2128 859 2160 157
869 2126 919 2168 ss)
941 2125 1110 2164 continet
1129 2123 1159 2160 Ο
1179 2125 1196 2160 I
1211 2128 1412 2170 106-116,
1432 2126 1465 2162 11
1486 2129 1615 2170 1-44,
1636 2125 1686 2161 VI

102 2175 255 2216 72-95,
275 2172 344 2208 VlI
363 2174 492 2207 6-21.
524 2163 722 2208 Beotiones
741 2174 876 2208 notatu
897 2172 1056 2218 dignae:
1083 2172 1114 2210 O
1133 2172 1150 2208 1
1171 2176 1239 2208 109
1258 2175 1492 2219 γλυκυτέραν
1509 2174 1560 2222 ῖ[,
1581 2186 1620 2211 ςε
1640 2175 1685 2218 Σ,

100 2223 192 2266 κ(εν)
220 2219 327 2265 Vatt,
359 2231 421 2256 om
453 2220 643 2265 particula
670 2219 811 2265 ODN,
845 2224 912 2256 110
939 2223 1111 2264 κλεΐξειν,
1145 2225 1213 2257 112
1239 2223 1350 2269 ἀλκᾷ,
1380 2226 1447 2257 115
1473 2223 1538 2267 ἐμέ
1562 2233 1605 2259 τε
1629 2223 1686 2268 (δὲ

99 2269 215 2314 DN).
241 2268 270 2304 Ο
290 2268 323 2304 11
343 2272 364 2304 2
389 2268 460 2305 τίν’
476 2270 598 2314 ἥρωα,
622 2268 706 2305 τίνα
731 2269 772 2305 δ’
790 2270 921 2314 ἄνδρα,
946 2272 969 2303 4
990 2270 1180 2315 ἀκρόθινα,
1206 2272 1227 2304 6
1254 2271 1317 2306 ὁπι
1343 2270 1376 2316 (c
1395 2269 1504 2316 libb),
1530 2273 1576 2306 23
1595 2271 1686 2315 πέμ-

99 2328 164 2363 πῃ,
191 2315 221 2352 Ο
242 2315 293 2352 V1
314 2320 358 2352 72
384 2318 495 2362 ὄλβος
519 2318 596 2361 (om
614 2317 656 2353 δὲ
676 2334 721 2346 =
741 2317 924 2362 AGDpc),
952 2320 996 2352 75
1021 2318 1187 2362 πρώτοις
1211 2318 1272 2363 (=
1293 2318 1447 2363 AOD),
1473 2321 1517 2353 78
1544 2319 1685 2363 ἐδώρη-

100 2376 166 2401 ςαν
191 2365 243 2412 (Α
267 2364 382 2409 solus,
408 2366 490 2400 tum
511 2364 591 2410 Bb),
617 2367 662 2400 90
689 2365 771 2409 ὲςςὶ,
798 2364 828 2400 O
848 2364 919 2401 Vll
940 2367 981 2400 11
1008 2366 1216 2409 ζωθάλμιος
1230 2365 1286 2408 (5³).
1312 2375 1333 2400 e
1358 2365 1496 2410 quibus
1522 2366 1685 2401 maxime

98 2411 355 2448 memorabilis
380 2412 551 2458 quamvis
576 2411 723 2448 incerta
749 2411 778 2448 O
799 2411 816 2447 1
836 2415 903 2448 109
923 2414 978 2460 ’ς[,
1005 2423 1074 2448 nec
1094 2413 1368 2449 contemnenda
1387 2414 1487 2459 ἑ(ς)ςί
1506 2411 1536 2449 Ο
1558 2411 1607 2448 Vl
1627 2416 1674 2449 90

466 2511 941 2554 Observatiunculae
965 2513 1311 2566 grammaticae

220 2584 430 2622 Practicum
454 2584 655 2632 lyricorum
687 2585 910 2631 praesertim
941 2586 1150 2622 carminum
1174 2596 1395 2632 graecorum
1420 2586 1578 2622 editoris
1603 2598 1685 2622 mu-

99 2644 169 2668 nus
200 2643 432 2679 quamquam
462 2632 510 2668 ab
541 2632 659 2668 ideali
689 2632 800 2679 quasi
830 2634 1162 2681 grammaticorum
1197 2633 1323 2670 studio
1355 2635 1471 2679 atque
1496 2634 1685 2671 desiderio

99 2679 216 2727 probe
241 2680 551 2727 distinguendum
575 2692 657 2716 esse
681 2680 790 2716 nobis
815 2692 966 2727 quoque
990 2684 1030 2728 (p
1053 2683 1109 2727 11)
1134 2692 1357 2728 persuasum
1382 2683 1441 2718 est
1465 2682 1521 2728 (cf
1545 2682 1685 2718 Usener

99 2728 211 2783 Altgr
230 2728 349 2764 Versb
371 2732 428 2772 10,
460 2728 539 2764 Wil
564 2728 775 2775 Textgesch
793 2740 839 2775 gr
857 2729 932 2775 Lyr
950 2733 1008 2765 44.
1023 2730 1104 2775 50),
1133 2732 1259 2765 tamen
1284 2741 1332 2765 ne
1357 2730 1503 2766 editore
1527 2723 1685 2775 quidem'

100 2776 301 2821 indignum
320 2787 402 2812 esse
421 2787 556 2812 censeo
574 2776 691 2812 etiam
716 2776 755 2812 in
775 2776 1051 2813 difficilioribus
1071 2778 1186 2823 atque
1211 2776 1368 2813 infinitis
1394 2777 1682 2823 quaestionibus

99 2824 357 2870 grammaticis
371 2835 438 2870 pro
452 2824 553 2860 virili
565 2826 675 2870 parte
687 2823 727 2859 id
741 2835 865 2870 agere,
883 2836 932 2862 ne
950 2825 1227 2862 inconsiderate
1246 2825 1456 2870 quidquam
1475 2827 1543 2861 aut
1555 2826 1683 2862 decre-

99 2871 198 2908 visse
216 2873 284 2908 aut
301 2871 420 2918 (velut
445 2876 465 2915 3
479 2875 535 2908 56.
548 2875 605 2908 87.
619 2875 677 2908 88.
705 2875 749 2908 ⁹2
769 2872 806 2908 cl
830 2883 906 2919 app
925 2875 1053 2909 nostra
1071 2873 1172 2909 infra
1196 2873 1246 2908 ad
1272 2873 1349 2909 Isth
1369 2873 1383 2908 1
1404 2877 1465 2918 26)
1484 2873 1682 2909 decernere

100 2918 270 2956 omisisse
295 2919 477 2956 videatur.
515 2920 564 2955 Et
582 2919 710 2964 fuisse,
736 2920 874 2966 quibus
900 2921 986 2956 usui
1010 2922 1138 2957 essent
1156 2920 1506 2957 observatiuncnlae
1531 2922 1683 2957 nostrae

100 2967 270 3011 quamvis
282 2967 499 3010 mediocres,
519 2967 682 3004 virorum
695 2967 932 3013 quorundam
951 2979 1027 3005 non
1040 2968 1278 3005 indoctorum
1290 2968 1508 3005 testimonio
1522 2971 1682 3005 constat.

171 3033 282 3060 Poetae
300 3033 358 3067 lyr.
378 3034 491 3067 graec-⁶
504 3034 528 3060 1.
543 3041 563 3060 ι.
583 3034 629 3060 ed.
643 3033 869 3061 Sohroodor.
1348 3031 1393 3064 32
