2014 3360
256 188 344 231 360
759 145 761 147 Ι
810 185 1014 222 PINDARI
1037 183 1259 221 CARMJNA

363 298 430 340 καὶ
463 296 667 352 Μελίεεῳ,
700 295 961 348 παγκρατίου
993 292 1235 348 ετεφάνωμ’
1266 292 1453 350 ἐπάξιον,
1771 303 1816 336 '15

286 380 331 412 45
364 369 478 422 ἔρνεϊ
507 366 752 411 Τελεειάδα.
799 366 936 422 τόλμᾳ
966 366 1047 418 γὰρ
1079 353 1202 409 εἰκώ(

363 441 498 493 θυμὸν
529 439 801 492 ἐριβρεμετᾶν
833 439 976 490 θηρῶν
1007 436 1198 480 λεόντων

259 518 335 563 (65)
367 513 415 555 ἐν
446 510 581 566 πόνῳ,
613 513 735 563 μῆτιν
766 507 803 551 δ’
835 507 1027 561 ἀλώπηξ,

600 581 745 624 αἰετοῦ
775 580 804 622 ἅ
833 578 870 622 τ’
901 579 1222 632 ἀναπιτναμένα
1252 578 1413 632 ῥόμβον
1442 578 1550 632 ἴεχει
1576 603 1626 610 -
1773 588 1819 622 80

365 656 446 707 χρὴ
478 653 525 696 δὲ
557 652 645 695 πὰν
677 650 843 705 ἔρδοντ’
873 650 1116 705 ἀμαυρῶεαι
1146 651 1224 694 τὸν
1253 650 1421 703 ἐχθρόν.

366 784 418 828 οὐ
450 784 532 836 γὰρ
564 783 690 837 φύειν
721 781 1000 835 Ὠαριωνείαν
1031 780 1204 834 ἔλαχεν·
1247 825 1261 830 ν
1683 722 1749 764 ἐπ’
1781 735 1808 772 γ

289 867 333 899 50
365 854 460 899 ἀλλ’
491 854 645 898 ὀνοτὸς
676 855 753 907 μὲν
783 853 952 906 ἰδέεθαι,
1774 861 1822 895 85

365 929 587 979 ευμπεεεῖν
618 923 657 968 δ’
688 924 797 980 ἀκμᾷ
828 925 969 978 βαρύς.

375 1101 429 1139 44
454 1101 568 1138 verba
591 1102 803 1147 στεφάνωμ’
822 1127 831 1136 .
847 1130 877 1138 ..
905 1101 1055 1146 ἀλώπηξ
1081 1101 1155 1147 (47)
1178 1099 1239 1136 bis
1262 1098 1379 1137 habet
1404 1099 1441 1136 Β
1466 1100 1594 1147 (ἄξιον,
1625 1110 1726 1136 omm
1749 1100 1823 1144 ἔρν.

259 1154 385 1188 Τελεε.>
405 1150 474 1197 13¹)
530 1152 605 1186 ,καὶ
629 1154 685 1197 τῷ
711 1153 781 1186 τοῦ
807 1148 985 1185 Μελίεεου
1009 1149 1244 1194 παγκρατίῳ·
1271 1149 1384 1184 αὐτὸς
1407 1148 1480 1193 γὰρ
1504 1148 1669 1193 compte<
1691 1148 1752 1184 καὶ
1775 1151 1823 1192 τῇ

257 1203 335 1235 τῶν
361 1199 555 1242 στεφάνων
580 1197 726 1243 εὐδοξίᾳ
750 1195 869 1232 scholl
891 1199 974 1241 413,
994 1199 1038 1232 18
1059 1207 1107 1241 ss,
1131 1195 1232 1232 unde
1257 1194 1352 1231 alios
1377 1196 1437 1231 καὶ
1460 1194 1639 1231 Μελίεεου
1663 1205 1825 1239 παγκρα-

255 1247 343 1292 τίῳ,
382 1245 476 1281 alios
513 1255 599 1280 vero
633 1245 796 1291 Μελίεεῳ
829 1244 1058 1290 παγκρατίου
1094 1244 1288 1288 ετεφάνων
1324 1243 1462 1288 ἐπαξίῳ
1497 1241 1636 1290 legisse
1673 1240 1827 1289 collegit

258 1293 383 1340 Bergk
502 1291 553 1328 45
578 1294 675 1337 ἔρνεϊ
699 1292 740 1328 D
812 1293 1013 1338 Τελεειάδᾳ
1041 1291 1115 1326 duo
1140 1301 1161 1327 e
1186 1290 1301 1327 Tricll
1322 1301 1347 1326 c
1371 1289 1648 1335 antiquioribus
1672 1288 1826 1335 quibus-

261 1342 350 1377 dam
373 1351 519 1389 gramm
541 1342 622 1376 Τελ.
655 1339 772 1387 [patri
796 1339 870 1385 ipsi
895 1348 1045 1385 quoque
1068 1338 1263 1386 luctatori]
1294 1338 1401 1374 εἰκώ(
1430 1337 1691 1385 iungentibus,
1722 1338 1762 1372 et
1791 1337 1827 1372 οἱ

261 1391 302 1426 δὲ
327 1391 367 1425 ἑν
392 1394 448 1435 τῷ
473 1390 570 1433 ἔρνεϊ
590 1388 748 1424 >trilono
780 1387 884 1423 schol
908 1390 997 1432 414,
1024 1390 1062 1431 1,
1095 1397 1188 1432 quos
1217 1386 1514 1431 παγκρατίου,-
1533 1387 1632 1430 ἔρνεϊ
1661 1383 1827 1420 iunxisse

261 1448 350 1484 susp
370 1435 495 1491 Bergk
560 1437 677 1481 τόλμᾳ
695 1434 775 1471 BD
840 1435 946 1471 εἰκώ(
964 1433 1071 1478 libri3
1096 1436 1224 1478 ὅμοιος
1242 1435 1295 1470 ὤν
1315 1434 1354 1469 et
1372 1434 1530 1470 ἐοικέναι
1545 1435 1676 1479 (φηεὶν
1695 1433 1827 1477 αὐτόν)

259 1484 381 1529 schol,
412 1483 487 1520 msi
516 1483 618 1529 quod
639 1483 776 1519 οἰκεῖος
799 1484 853 1519 ὤν
885 1481 1040 1529 (calami
1063 1482 1212 1528 lapsu?)
1243 1485 1334 1526 414,
1360 1484 1399 1525 8,
1432 1491 1482 1516 an
1504 1480 1617 1516 οἰκώε
1639 1479 1827 1516 referens?

259 1532 450 1579 Hartung,
485 1530 643 1568 fortasse
667 1531 768 1567 recte
799 1530 854 1577 (cf
878 1530 930 1566 ad
954 1529 984 1566 P
1008 1529 1060 1565 111
1085 1530 1162 1576 5⁹03
1194 1530 1307 1566 εἰκὼν
1338 1528 1386 1564 ed
1416 1527 1625 1575 Calliergus
1709 1531 1828 1572 θηρᾶν

256 1580 358 1624 libri,
384 1583 511 1624 θηρῶν
535 1578 678 1624 Heyne,
703 1579 891 1614 testantur
916 1576 1036 1614 scholl
1060 1579 1115 1623 (ὲν
1140 1577 1266 1623 Θηρείν
1290 1576 1391 1612 male
1409 1577 1566 1623 interpr)
1590 1579 1673 1621 414,
1693 1578 1726 1621 5,
1751 1576 1828 1622 (θη-

260 1630 410 1673 ρεύοντί
440 1628 596 1663 ἐοικέναι
628 1626 756 1673 [quem
786 1627 883 1672 θήρᾳ
913 1625 1052 1673 legisse
1076 1624 1188 1672 vulgo
1212 1625 1367 1671 putant,
1405 1627 1532 1669 θηρῶν
1564 1623 1633 1659 scil
1657 1624 1830 1660 Μέλιεεοε

260 1674 416 1723 Berng)
435 1677 517 1719 414,
536 1677 664 1719 9—10,
690 1674 757 1710 sed
775 1678 873 1720 θηρᾷ
912 1673 978 1719 qui
1002 1673 1104 1709 idem
1129 1674 1277 1718 οἰκεῖος)
1301 1676 1384 1717 414,
1405 1675 1510 1716 8-9,
1535 1682 1648 1717 quem
1672 1670 1705 1706 si
1728 1671 1829 1707 recte

259 1726 344 1768 ἤτοι
372 1728 419 1768 τῇ
452 1723 548 1768 θήρᾳ
579 1722 714 1757 emend
743 1722 783 1757 Io
808 1721 864 1758 Go
916 1721 1094 1757 chneider
1127 1731 1176 1767 ap
1206 1720 1284 1756 Boe
1313 1719 1468 1755 tertium
1498 1718 1670 1755 lectionis
1701 1721 1829 1763 θηρῶν

259 1769 429 1816 quamvis
453 1769 612 1806 invitum
635 1770 771 1805 testem
786 1779 990 1805 *numerare
1013 1768 1146 1804 licebit
1171 1768 1345 1815 (aliorum
1370 1767 1417 1803 de
1442 1766 1594 1803 scholiis
1620 1766 1830 1802 commenta

258 1817 446 1854 recensuit
463 1816 559 1853 Abel
582 1829 608 1863 p
628 1818 817 1863 415—16).
863 1816 946 1860 Qua
968 1816 1131 1853 lectione
1156 1817 1307 1861 recepta
1333 1814 1520 1851 sententia
1538 1813 1700 1850 efficitur
1718 1812 1830 1849 verbo

261 1866 368 1901 finito
393 1876 538 1909 carens;
566 1875 653 1900 nam
677 1875 745 1911 pro
771 1865 866 1901 ἐςτίν
889 1864 993 1910 quod
1018 1863 1251 1900 subaudiunt
1274 1862 1419 1909 (Heyne
1443 1861 1627 1908 Boeckh¹)
1651 1864 1698 1906 ἦν
1722 1860 1830 1908 flagi-

260 1915 374 1958 tatur,
399 1913 501 1958 quod
525 1912 790 1949 intellexerunt
814 1912 933 1948 scholl
958 1913 1054 1959 (414,
1080 1913 1132 1958 5);
1158 1922 1227 1947 nec
1250 1910 1385 1947 melius
1411 1914 1507 1956 θηρᾷ
1532 1909 1731 1957 (animum
1754 1908 1830 1945 leo-

261 1961 321 1997 nis
341 1961 534 2007 sectatur')
560 1960 750 1997 Hermann
769 1959 885 2007 Viger
903 1963 985 2005 939,
1011 1970 1123 2005 quem
1148 1959 1268 1995 secuti
1292 1961 1433 2003 τολμᾶν
1451 1959 1523 2003 γὰρ
1542 1958 1649 1994 εἰδώς
1733 1960 1830 2002 θηρᾷ

262 2008 440 2045 Thiersch
465 2008 537 2044 Act
560 2008 695 2055 philoll
719 2007 807 2044 Mon
836 2007 866 2054 (Ι
892 2009 976 2055 223)
999 2007 1034 2044 Π
1061 2011 1147 2052 282,
1182 2010 1301 2052 τολμᾷ
1325 2007 1397 2051 γὰρ
1423 2006 1531 2042 εἴκων
1558 2034 1567 2042 .
1588 2034 1596 2042 .
1617 2031 1627 2041 .
1653 2007 1750 2050 θηρᾷ
1781 2003 1831 2040 cll

262 2070 283 2092 v
304 2060 384 2101 143,
409 2070 430 2100 χ
450 2060 519 2092 288
545 2056 584 2091 in
608 2055 791 2102 peculiari
817 2056 863 2091 de
893 2055 966 2092 hoc
995 2055 1078 2091 loco
1110 2053 1424 2091 commentatione
1456 2054 1584 2100 (progr
1613 2064 1729 2099 gymn
1761 2050 1831 2098 Ge-

262 2104 437 2140 danensis
463 2104 542 2140 edit
561 2103 798 2150 Konigsberg
816 2103 891 2139 iPr
912 2106 1021 2147 1818,
1047 2113 1117 2150 ego
1139 2113 1215 2138 non
1233 2101 1324 2148 vidi)
1344 2101 1431 2148 Aug
1448 2099 1622 2136 Meineke
1646 2099 1831 2146 probante

262 2151 481 2197 Boeekhio²,
512 2152 673 2198 denique
705 2151 817 2188 verbo
847 2155 944 2197 θηρᾷ
977 2150 1148 2186 absolute
1181 2150 1335 2195 accepto
1360 2149 1479 2194 Bury3
1516 2150 1620 2194 temp
1650 2146 1833 2193 praeterit

262 2200 486 2236 restituebat
514 2201 633 2243 τόλμα
662 2200 752 2244 γὰρ,
789 2200 870 2234 tum
902 2200 1115 2244 ἐριβρεμὲτᾳ
1146 2200 1186 2233 ἐν
1218 2200 1314 2243 θήρᾳ
1339 2198 1460 2233 λέοντι
1492 2195 1658 2232 scribens
1683 2194 1832 2230 Wiske·

262 2259 377 2283 mann
407 2258 520 2295 progr
551 2259 666 2295 gymn
695 2246 874 2293 Marburg
902 2249 1004 2288 1876,
1031 2249 1076 2282 26
1106 2245 1291 2292 probante
1324 2242 1639 2280 Rauchensteinio
1665 2241 1750 2277 Phil
1775 2245 1836 2284 36,

265 2299 368 2340 1877,
390 2299 451 2339 7ος
476 2295 554 2332 alia
574 2295 759 2341 Hartung,
786 2293 924 2329 Geram
941 2293 1026 2329 Phil
1048 2297 1103 2338 14,
1125 2296 1229 2337 1859,
1250 2295 1329 2335 258,
1355 2291 1464 2327 Maur
1479 2290 1652 2339 Schmidt
1672 2287 1832 2332 CXXIV,

263 2343 408 2390 Kayser
430 2343 542 2379 Wien
567 2342 683 2379 Jahrb
712 2345 779 2377 105
811 2353 836 2387 p
857 2345 943 2385 115,
980 2340 1017 2376 N
1041 2341 1111 2376 Jen
1136 2340 1225 2387 Aug
1248 2339 1329 2375 Litt
1353 2339 1423 2386 Ztg
1456 2342 1564 2381 1846,
1598 2340 1707 2380 1148,
1739 2335 1833 2371 Her—

262 2391 411 2427 werden
441 2391 555 2427 studd
580 2394 636 2435 61,
675 2389 812 2435 quibus
843 2388 1052 2434 repudiatis
1090 2399 1189 2423 nunc
1226 2387 1337 2433 vulgo
1374 2386 1520 2422 faciunt
1558 2395 1642 2420 cum
1672 2380 1830 2428 Heynio.

262 2439 379 2486 Finge
404 2439 528 2475 animo
553 2439 706 2485 poetam
730 2436 935 2483 praemisso
965 2435 1167 2482 participio
1197 2436 1305 2471 εἰκώ(
1337 2434 1409 2479 (vel
1433 2434 1558 2477 οἰκώε)
1589 2433 1708 2476 τόλμᾳ
1732 2432 1833 2466 λεόν-

262 2499 338 2523 των
370 2488 457 2533 post
487 2486 647 2522 alterum
679 2484 955 2523 substantivum
986 2485 1136 2527 ἀλώπηξ
1168 2481 1398 2518 nominativo
1436 2490 1525 2516 casu
1562 2478 1747 2524 positum,
1785 2477 1833 2522 ad

263 2534 364 2580 quod
389 2534 421 2570 si
446 2545 540 2580 opus
571 2543 651 2568 esse
683 2531 870 2567 videbitur
900 2530 1144 2577 participium
1175 2532 1229 2566 ὤν
1261 2527 1465 2564 subaudias
1497 2525 1551 2572 (cf
1577 2527 1678 2561 πόει(
1701 2525 1780 2560 ἵκεο
1805 2524 1834 2559 Ρ

261 2581 313 2617 IX
332 2585 404 2628 51),
427 2591 583 2628 pergere
608 2579 768 2615 voluisse
795 2581 916 2615 οὕτω(
938 2581 1155 2624 ἀμαύρωεεν
1179 2579 1247 2613 τὸν
1270 2577 1421 2620 ἐχθρόν·
1448 2576 1492 2609 οὐ
1518 2574 1589 2621 γὰρ
1692 2573 1832 2614 ἔλαχεν,

264 2630 330 2665 sed
353 2640 450 2666 nova
474 2627 661 2664 sententia
686 2637 726 2662 se
750 2626 790 2661 in
818 2628 944 2662 erente
968 2629 1038 2671 χρὴ
1065 2628 1105 2662 δὲ
1128 2626 1202 2661 πὰν
1221 2625 1351 2667 ἔρδειν,
1380 2621 1543 2666 ‘oportet
1567 2619 1667 2655 enim
1691 2621 1732 2656 et
1754 2619 1830 2655 leo-

264 2688 350 2714 nem
375 2679 413 2713 et
438 2675 674 2722 vulpeculam
699 2673 795 2709 simu
811 2675 902 2718 are',
927 2672 1171 2720 parenthesin
1193 2682 1278 2706 cum
1297 2668 1454 2715 apodosi
1473 2667 1583 2713 quasi
1602 2666 1831 2702 confluxisse

265 2725 320 2761 De
347 2722 613 2771 ‘appositione’
646 2725 773 2768 θηρῶν
798 2724 962 2758 λεόντων
993 2732 1041 2757 ne
1073 2732 1157 2756 cum
1182 2716 1371 2754 Boeckhio
1396 2728 1421 2750 n
1446 2726 1486 2750 cr
1510 2718 1579 2750 566
1611 2714 1736 2749 aliena
1766 2714 1835 2749 im·

264 2773 423 2808 misceas
449 2770 489 2806 cf
511 2781 595 2806 cum
619 2768 781 2824 Bergkio
805 2768 883 2805 Eur
906 2769 1004 2805 Herc
1027 2768 1089 2804 fur
1112 2771 1195 2809 465,
1229 2762 1429 2810 Epimenid
1461 2773 1510 2808 ap
1535 2761 1605 2797 Ael
1635 2764 1703 2797 nat
1734 2762 1835 2797 anim

266 2820 334 2855 XII
360 2823 379 2854 7
501 2816 552 2853 48
587 2821 658 2856 πᾶν
684 2816 773 2852 libri
798 2818 837 2852 et
861 2817 935 2852 edd
1007 2816 1153 2861 ἔρδοντ’
1179 2813 1215 2848 Β
1287 2813 1445 2856 ἔρδοντα
1471 2813 1657 2854 μαυρῶεαι
1682 2808 1832 2844 Boeckh

267 2867 310 2913 (P
335 2866 403 2901 XII
426 2866 484 2908 13)
598 2864 647 2900 51
674 2869 862 2911 (υμπεεεῑν
887 2863 978 2899 libri
1050 2862 1162 2907 αἰχμᾷ
1186 2858 1274 2896 libri
1299 2858 1413 2905 (idem
1438 2857 1572 2893 vitium
1595 2855 1630 2891 N
1649 2855 1700 2892 VI
1719 2860 1776 2901 52,
1802 2856 1834 2891 Χ

269 2918 333 2959 6ος
370 2911 520 2948 Boeckh
545 2924 570 2948 n
595 2924 634 2948 cr
660 2913 760 2958 531),
797 2912 951 2948 tuentur
982 2909 1045 2956 (cll
1075 2908 1201 2944 nescio
1227 2917 1301 2952 quo
1324 2906 1437 2952 pacto
1463 2905 1635 2950 γυναικὸς
1660 2904 1770 2950 αἰχμᾷ
1795 2905 1834 2939 et
