2014 3360
268 196 358 238 454
793 191 995 228 PINDARI
1019 190 1322 228 FRAGMENTA

270 301 419 339 lectoris
451 300 610 337 alicuius
641 299 722 336 indi
777 299 919 335 abundi
950 299 1076 346 glossa
1101 300 1228 336 ΛΟΓο1
1253 299 1313 346 (ει
1338 299 1437 345 λόγῳ
1462 299 1578 345 φίλοι)
1603 299 1724 335 ortum
1748 309 1829 335 esse

272 349 476 387 arbitratus
500 347 662 395 expunxi
687 359 707 384 ο
763 347 903 394 ergkio.

929 466 1011 510 161
1046 465 1172 526 (134)

1121 550 1162 594 οἱ
1218 551 1267 594 έν

557 624 672 668 κάτω
702 622 811 677 κάρα
842 625 1025 676 δεςμοῖςι
1056 565 1250 666 &oevi-'ut

392 742 502 779 Schol
521 741 602 778 Ven
627 741 732 778 Arist
754 750 827 787 pac
847 743 932 776 152:
958 739 1171 784 κατωκάρα·
1197 739 1297 785 (παρ’
1323 739 1530 783 Ἀθηναίοις
1554 738 1735 785 ἑπίρρημά
1760 739 1834 776 ἑςτι

273 792 447 828 ςύνθετον
473 793 532 826 καὶ
558 792 622 826 ςὺν
645 794 701 835 τῷ
721 790 735 825 ἰ
753 789 937 834 γράφεται
956 786 1109 822 Herodn
1127 786 1144 821 Ι
1162 789 1244 831 489,
1266 789 1309 822 15
1323 785 1367 832 L)
1389 815 1395 821 .
1412 814 1419 822 .
1436 815 1443 821 .
1465 787 1621 822 Ἀττικοὶ
1640 787 1684 823 οὐ
1711 788 1835 834 διῃρη-

274 840 403 881 μένως,
424 838 502 873 ἀλλ’
519 838 586 881 ὑφ’
605 839 657 873 ἕν.
670 836 873 880 Πίνδαρος·
901 835 941 870 οἱ
966 836 1045 878 μὲν
1060 863 1068 870 .
1084 863 1091 870 .
1109 835 1337 870 ,δέδενται
1362 835 1552 880 (δεςμοῑςιν
1571 835 1718 870 δέδεντε
1738 833 1834 881 cod).

268 884 454 922 Similiter
478 883 551 920 Gre
608 883 680 920 Gor
699 887 785 927 124,
818 882 910 918 Suid
935 894 957 918 v
982 883 1189 926 κατωκάρα.
1238 880 1294 916 De
1323 881 1570 927 metaplasmo
1601 880 1717 918 attico
1741 883 1836 928 κάρᾳ

275 933 391 979 (velut
416 931 538 968 Aesch
599 943 663 967 um
685 934 763 967 176.
789 929 824 965 fr
843 933 930 974 180,
950 931 985 984 ξ»)
1017 929 1114 983 inter
1138 939 1265 964 omnes
1297 929 1460 973 constat,
1491 928 1695 984 Herodiani
1728 939 1835 975 prae-

275 976 1837 1072 ffssffitffiffimitffssssimfliisshssssrfiiblffisstffii§Zammm‘wess‘ffmir’efsssssdffssssi

276 1074 467 1111 Hermann
493 1074 546 1121 (cf
566 1079 655 1110 τοῑςι
682 1076 747 1117 μὲν
769 1075 774 1118 Ι
797 1072 828 1109 0
847 1072 931 1107 XHI
952 1074 1028 1118 60),
1054 1073 1220 1108 δέδενται
1243 1089 1327 1107 υ-
1351 1070 1516 1118 suppleri
1546 1082 1655 1117 posse
1685 1071 1838 1108 Boeckh

279 1123 430 1168 statuit,
454 1125 512 1158 τοὶ
546 1123 611 1164 μὲν
643 1120 755 1169 (ὧν)
770 1148 777 1155 .
794 1149 801 1156 .
818 1150 825 1157 .
840 1122 981 1164 δεεμοῑς
1014 1121 1203 1155 δέδενταιῗ
1252 1119 1468 1165 Bernhardy
1499 1118 1549 1154 ad
1581 1118 1751 1164 Suidam3
1788 1130 1838 1154 an

278 1172 457 1207 δέδεντοῖ
506 1169 711 1215 Cercopum
736 1179 865 1203 casum
889 1169 988 1204 reete
1014 1166 1273 1203 Schneidewin
1298 1167 1607 1204 commemoravit.

955 1299 1049 1342 162.
1084 1299 1168 1342 163

682 1538 905 1582 πιτνάντες
936 1537 1042 1582 θοάν

494 1609 655 1664 κλίμακ’
687 1610 731 1654 ἐς
763 1610 892 1653 αἰπὺν
923 1610 1109 1663 οὐρανόν

494 1711 540 1716 .-
588 1696 861 1715 -υυ-υ-
909 1697 1051 1717 —u-
1098 1694 1430 1716 ...υ-.υυ-......

495 1741 827 1794 ἀλλαλοφόνους
858 1741 1070 1785 ἑπάξαντο
1103 1742 1262 1794 λόγχας
1293 1742 1357 1784 ἑνὶ
1388 1741 1525 1795 ςφίςιν
1555 1741 1701 1784 αὐτοῖς

400 1870 443 1906 In
467 1869 526 1905 his
551 1869 721 1906 frustulis
752 1869 799 1905 de
829 1871 947 1906 metro
978 1871 1143 1906 statuere
1167 1870 1326 1906 arduum
1349 1870 1415 1906 est.
1466 1868 1540 1905 Sed
1570 1869 1644 1906 duo
1675 1868 1843 1907 eiusdem

284 1917 460 1955 carminis
485 1916 698 1964 fragmenta
722 1928 802 1954 esse
828 1929 913 1953 cum
929 1917 1091 1966 Bergkio
1111 1917 1291 1965 (Zeitschr
1308 1917 1575 1954 Alterthumsw
1594 1920 1627 1962 δ,
1642 1919 1747 1962 1836,
1760 1918 1844 1964 547)

284 1968 322 2003 et
353 1964 636 2001 Schneidewino
667 1964 774 2012 (Eust
808 1976 960 2012 prooem
983 1977 1009 2012 p
1029 1967 1088 2013 36)
1120 1965 1152 2002 si
1189 1965 1406 2012 sumpseris,
1444 1966 1511 2001 aut
1545 1964 1648 2001 idem
1681 1966 1845 2002 metrum

283 2013 480 2050 restituere
492 2013 590 2058 (cum
605 2012 913 2049 Schneidewino¹·
927 2012 955 2060 ²)
979 2014 1046 2050 aut
1062 2013 1159 2050 nihil
1178 2013 1374 2050 decernere
1393 2014 1428 2060 (c
1446 2013 1660 2059 Hermanno
1678 2011 1845 2049 zeitschr

284 2062 423 2144 5,.ῗ39)
448 2070 562 2106 quam
586 2060 678 2096 data
701 2070 816 2107 opera
841 2062 876 2107 (c
899 2060 1074 2108 Bergln'o)
1107 2060 1254 2097 diversa
1283 2061 1404 2097 metra
1434 2060 1581 2101 efficere
1609 2058 1845 2107 probabilius

284 2120 338 2144 en
358 2138 366 2145 .

403 2156 500 2202 (162)
526 2154 634 2191 Cram
659 2156 718 2191 An
737 2154 793 2191 Ox
809 2154 827 2191 1
845 2159 924 2202 201,
947 2160 1007 2193 14:
1032 2157 1221 2203 Πίνδαρος
1238 2157 1297 2193 ἐπὶ
1320 2160 1389 2193 τοῦ
1408 2157 1525 2192 Ὤτου
1544 2157 1604 2192 καὶ
1629 2154 1844 2200 Ἐφιάλτου·

283 2204 523 2240 πίτνοντες
546 2204 659 2239 θοὰν
685 2204 874 2248 κλίμακα
897 2205 1092 2250 οὐρανὸν
1116 2205 1161 2241 ἐς
1185 2204 1338 2249 αἰπύν,
1369 2206 1440 2249 τὴν
1472 2204 1634 2248 μεγάλην
1659 2202 1843 2247 δηλονότι.

214 2262 216 2264 ’
285 2255 413 2287 θοαῖς
437 2251 733 2296 ἀφροςύναις,
767 2252 850 2288 ἀντὶ
873 2256 941 2288 τοῦ
967 2253 1155 2295 μεγάλαις·
1188 2253 1246 2288 καὶ
1278 2253 1359 2295 Θοὴ
1390 2251 1634 2288 ἐπεδέξατο
1665 2253 1722 2293 γᾶ
1745 2250 1844 2304 (fitte-

286 2299 415 2334 δέξατο
439 2302 526 2341 γαῖα
551 2297 622 2332 ΕΜ
647 2302 733 2343 453,
753 2302 774 2333 6
788 2310 840 2343 ss,
865 2299 932 2335 ubi
954 2299 1089 2336 ultima
1119 2299 1193 2336 duo
1219 2298 1390 2345 exempla
1415 2297 1620 2334 afferuntur
1645 2306 1742 2342 quae
1760 2295 1846 2332 Pm-

287 2346 369 2381 dari
406 2345 626 2392 fragmentis
664 2345 853 2382 adiciebat
889 2346 1164 2392 Schneidewin,
1202 2357 1359 2393 quorum
1394 2345 1499 2393 prius
1531 2344 1647 2381 etiam
1678 2343 1768 2379 huic
1798 2343 1846 2378 de

287 2393 431 2429 Aloidis
457 2393 613 2428 carmini
638 2393 832 2440 Bergkffi⁴3
864 2394 903 2430 cf
929 2394 1017 2432 Otto
1048 2394 1254 2431 Schneider
1281 2393 1454 2431 Callimm
1477 2392 1512 2428 11
1534 2403 1562 2439 p
1587 2392 1680 2437 ⁷24).

285 2443 478 2477 πιτνάντες
508 2440 695 2476 Hermann
816 2442 957 2478 tradita
986 2442 1181 2479 verborum
1212 2440 1408 2478 collocatio
1438 2451 1514 2476 non
1545 2438 1665 2475 solum
1693 2438 1847 2485 propter

286 2489 446 2525 metrum
477 2487 668 2534 displicet,
700 2490 840 2534 κλίμακ’
865 2492 902 2527 ἐς
926 2491 1001 2527 αὶπ.
1033 2492 1113 2534 οὐρ.
1146 2487 1470 2532 Schneidewin¹·⁸,
1500 2490 1554 2523 κλ.
1586 2487 1629 2522 ὲσ
1659 2486 1739 2530 οὐρ.
1771 2484 1845 2521 αἰπ.

287 2533 410 2582 Bergk
429 2537 464 2581 (v
489 2537 573 2571 nott
595 2538 715 2582 metr).

406 2595 608 2642 (163[137])
638 2595 749 2642 Apoll
775 2598 861 2642 synt
884 2596 991 2633 Bekk
1015 2597 1074 2633 An
1097 2595 1132 2632 Π
1157 2598 1242 2640 179,
1261 2598 1324 2631 20:
1355 2595 1400 2630 τὸ
1432 2594 1502 2638 γὰρ
1528 2592 1723 2636 ’ἀλλήλους
1752 2592 1848 2636 τρώ·

288 2641 387 2687 ςητε’
417 2643 460 2678 οὐ
485 2643 624 2678 ταύτόν
649 2645 722 2679 ἐςτι
745 2649 800 2690 τῷ
834 2644 1005 2681 ’ἑαυτοὺς
1028 2642 1228 2689 τρώςητέ·
1260 2644 1380 2686 ὥςπερ
1411 2642 1471 2676 καὶ
1494 2640 1539 2675 τὸ
1563 2640 1787 2683 Πινδαρικὸν
1812 2638 1848 2674 οἱ

288 2691 371 2734 περὶ
385 2690 579 2734 Τρύφωνα
598 2691 832 2735 ἑςημειοῦντο
851 2693 910 2728 ἐπί
928 2704 969 2729 τε
987 2695 1056 2728 τοῦ
1075 2691 1190 2740 Ὤτου
1213 2693 1271 2725 καὶ
1290 2692 1356 2724 τοο
1377 2687 1573 2733 Ἐφιάλτου
1586 2686 1775 2732 (ἐπιάλτου
1785 2684 1847 2768 ΑΒ,

289 2738 630 2781 ςυγκατατιθέμενοι
656 2740 721 2782 μὲν
744 2744 799 2786 τῷ
825 2741 1038 2785 ἀλλαλοφ.
1063 2739 1181 2775 ende.
1207 2738 1389 2780 λόγχας,
1414 2735 1459 2770 οὐ
1486 2736 1558 2778 μὴν
1581 2737 1636 2780 τῷ
1662 2733 1726 2769 ἐνὶ
1751 2744 1805 2776 ςφ
1833 2753 1848 2760 -

290 2796 354 2820 ςιν
380 2785 548 2820 αὐτοῖς·
580 2787 624 2821 οὺ
649 2787 720 2829 γὰρ
746 2788 890 2823 ἑαυτοῖς
913 2788 961 2823 τὰ
986 2787 1127 2830 δόρατα
1151 2785 1303 2828 ἐνῆκαν,
1334 2783 1414 2818 ἀλλ’
1437 2782 1618 2825 ἀλλήλοις.
1666 2779 1721 2815 De
1745 2780 1847 2816 Aloi-

292 2831 423 2866 darum
453 2834 570 2868 morte
602 2832 642 2868 cf
667 2833 764 2869 Pind
788 2834 817 2869 P
842 2833 894 2869 IV
912 2837 958 2869 88
984 2845 1003 2868 c
1029 2831 1132 2869 schol
1156 2832 1255 2875 (1562
1290 2830 1563 2865 κατατοξεύςειν
1599 2829 1670 2871 τὴν
1707 2829 1847 2871 ἔλαφον

291 2879 635 2963 ΐὲιὲλὲμὲἑὶέοντες),
660 2881 822 2927 Apollod
841 2881 857 2915 Ι
877 2885 921 2916 55
934 2878 984 2915 W
1006 2880 1245 2926 (ήκόντιςαν),
1271 2876 1359 2924 Hyg
1382 2875 1447 2911 fab
1467 2879 1513 2912 28
1540 2874 1718 2922 (iaculis),
1744 2875 1848 2917 schol
