2014 3360
794 204 1000 243 ISTmnA
1023 203 1086 242 m.
1111 203 1166 242 Π
1680 202 1768 246 359

294 320 362 362 καὶ
393 316 585 372 κρέςςον’
617 317 790 371 ἀνδρῶν
820 316 1033 370 χειρόνων

200 404 267 437 35·
294 388 455 445 ἔςφαλὲ
487 391 621 443 τέχνα
650 386 970 441 καταμάρψαις’.
1013 386 1101 432 ῐςτε
1132 385 1217 440 μάν

294 462 475 507 Αἴαντος
506 461 653 515 ἀλκάν,
686 460 861 514 φοίνιον
891 460 972 502 τὰν
1002 458 1111 514 ὀψίᾳ

293 535 342 578 ἐν
373 534 492 578 νυκτὶ
521 534 669 586 ταμὼν
701 532 797 585 περὶ
829 531 864 587 ᾧ
897 530 1120 586 φαςγάνψ,
1153 530 1331 584 μομφὰν
1362 530 1452 583 ἔχει
1722 539 1769 572 60

199 616 266 653 ³0¹³
295 606 511 650 παίδεςςιν
542 604 772 656 Ἑλλάνων,
805 603 896 647 ὅςοι
927 600 1276 656 Τροίανδ”,ἔβαν.
1757 659 1769 672 Ι

1611 674 1696 714 erp.
1728 675 1755 711 γ

187 743 263 788 (55)
294 737 390 781 ἀλλ’
419 737 610 791 Ὅμηρός
640 750 706 779 τοι
737 734 959 788 τετίμακεν
992 733 1045 778 δι’
1076 733 1333 787 ἀνθρώπων,
1365 734 1415 777 ὃς
1446 732 1581 777 αὐτοῦ

293 812 433 854 πᾶςαν
464 809 672 862 όρθώςαις
703 806 862 860 ἀρετὰν
893 806 1002 850 κατὰ
1033 805 1197 860 ῥάβδον
1227 805 1418 860 ἔφραςεν
1722 813 1770 848 65

295 881 527 945 βεςπεςίων
557 881 700 924 ἐπέων
734 881 902 922 λοιποῖς
933 877 1119 930 ἀθύρειν.

216 964 263 997 40
294 956 425 997 τοῦτο
456 953 539 1006 γὰρ
570 951 788 996 ἀθάνατον
820 952 1000 1003 φωνᾶεν
1032 949 1166 1002 ἕρπει,

301 1024 340 1068 εἴ
370 1039 432 1068 τις
464 1024 512 1069 εὖ
545 1023 643 1080 εἴπῃ
675 1035 731 1066 τι·
772 1023 840 1066 καὶ
873 1021 982 1072 πάγ-

533 1109 700 1149 καρπον
732 1095 802 1138 ἐπὶ
833 1093 970 1147 χθόνα
1001 1093 1071 1136 καὶ
1101 1090 1173 1135 διὰ
1202 1091 1370 1136 πόντον
1403 1092 1583 1147 βέβακεν
1725 1101 1773 1135 ἰο

188 1173 262 1218 teo)
294 1168 521 1222 ἐργμάτων
553 1167 669 1210 ἀκτὶς
700 1169 845 1210 καλῶν
877 1164 1079 1219 ἄςβεςτος
1111 1163 1206 1207 αἰεί.
1608 1221 1636 1266 ἀ
1759 1220 1771 1235 Ι

1637 1236 1699 1267 ντ.
1730 1237 1757 1275 γ

295 1299 564 1354 προφρόνων
596 1300 763 1347 Μοιςᾶν
794 1297 1007 1350 τύχοιμεν,
1038 1297 1184 1339 κεῖνον
1215 1293 1325 1347 ἅψαι
1357 1294 1522 1348 πυρςὸν
1552 1295 1700 1348 ὕμνων

304 1465 357 1503 85
380 1466 495 1511 τέχνᾳ
512 1465 551 1501 Β
570 1464 671 1501 Tricl
696 1475 742 1500 ex
765 1460 1058 1509 interpolatione
1080 1451 1174 1497 eade
1193 1459 1354 1505 antiqua
1370 1459 1412 1495 in
1431 1459 1554 1496 echon
1576 1461 1639 1508 (τῇ
1657 1461 1772 1508 τέχνῃ

186 1515 446 1560 ἀποςφαλῆναι
463 1514 654 1559 πεποίηκε.
679 1514 724 1549 τὸ
750 1514 791 1548 δὲ
817 1511 1114 1555 καταμάρψαι
1138 1509 1223 1544 ἀντὶ
1246 1511 1318 1544 τοῦ
1344 1511 1658 1554 καταμαρφθῆναι
1675 1528 1725 1536 -
1745 1510 1770 1553 ἡ

185 1563 280 1607 τύχη
305 1561 458 1606 ἑποίηςε-
476 1563 796 1604 καταγωνιςθῆναι
819 1560 949 1605 τέχνῃ)
975 1556 1115 1599 diserte
1140 1555 1314 1600 defensa,
1337 1564 1440 1639 {uae
1463 1555 1604 1592 nostris
1627 1558 1773 1603 tempo-

188 1609 291 1646 ribus
314 1610 519 1655 patronum
539 1608 685 1645 invenit
702 1607 760 1655 Ty
772 1607 998 1651 Mommsem
1025 1604 1300 1650 καταμάρψαις’
1317 1603 1349 1638 h·
1375 1602 1409 1638 ri
1427 1602 1469 1639 in
1488 1602 1666 1640 carminis
1685 1614 1774 1643 con·

188 1660 295 1694 textu
363 1657 452 1740 nav]
477 1659 537 1693 καὶ
556 1656 598 1693 D
664 1658 792 1702 ἀλκάν,
812 1656 961 1698 φοίνιον
980 1655 1050 1690 τὰν
1071 1651 1256 1688 ‘feriendo
1275 1650 1501 1693 cruentavit’
1522 1651 1682 1700 Madvig
1700 1652 1782 1689 adv'

188 1717 228 1742 cr
251 1705 268 1741 1
289 1708 358 1741 188
384 1704 432 1740 ob
449 1706 613 1750 oquente
634 1703 789 1740 Lehreio
807 1702 930 1739 Rhein
949 1702 1034 1738 Mus
1054 1704 1112 1746 30,
1131 1703 1194 1745 96;
1221 1699 1260 1735 of
1281 1698 1333 1735 ad
1355 1698 1374 1734 Ι
1390 1698 1427 1734 Π
1445 1702 1467 1734 3
1564 1698 1617 1736 86
1640 1701 1773 1743 ταμὼν

189 1753 292 1800 quod
316 1751 458 1790 frustra
482 1751 782 1789 sollicitaverunt
813 1753 952 1797 καμὼν,
977 1752 1114 1796 πετὼν,
1140 1749 1256 1785 δικὼν
1278 1746 1486 1783 scribentes
1511 1747 1710 1784 confirmat
1734 1749 1774 1785 et

187 1800 291 1839 schol
316 1802 355 1837 et
378 1800 546 1847 paraphr
569 1800 684 1847 (male
707 1801 853 1846 interpr
878 1800 1062 1842 διατεμὼν
1087 1796 1156 1833 καί
1171 1795 1404 1841 διαφθείρας)
1495 1797 1651 1841 μομφὰν
1676 1796 1769 1844 ἔχει]

187 1851 331 1887 ὄνειδος
349 1854 428 1886 τοῖς
437 1849 583 1893 Ἕλληςι
593 1848 827 1894 περιεποίηςε
845 1848 990 1893 interpr
1002 1844 1245 1891 chrysippus,
1264 1845 1306 1879 at
1325 1844 1462 1887 μέμψιν
1475 1844 1550 1886 ἔχει
1568 1843 1610 1879 ἑν
1622 1855 1656 1880 τ.
1669 1843 1770 1881 Ἐλλ-

185 1902 265 1934 τοῑς
289 1897 330 1933 ἑν
355 1895 476 1943 Τροίᾳ
500 1898 753 1941 διαβεβηκόςιν
785 1895 903 1943 (prius
929 1897 969 1931 ἑν
996 1893 1059 1930 del
1083 1893 1270 1939 Hartung)
1300 1890 1484 1937 pax-epm
1519 1889 1582 1926 fac
1614 1893 1770 1937 μομφὰν

187 1947 283 1990 ἔχειν
301 1945 373 1981 τινί
390 1954 501 1990 posse
519 1943 623 1980 idem
641 1943 720 1980 fere
739 1954 820 1979 esse
840 1943 942 1990 quod
961 1942 1083 1979 αἰτίαν
1101 1943 1198 1986 ἔχειν
1215 1941 1289 1977 ὑπό
1306 1950 1410 1975 τινος
1434 1937 1571 1985 (Aesch
1590 1937 1688 1975 Eum
1708 1940 1769 1986 99)

187 1992 247 2030 vel
263 1993 357 2038 πρός
377 2003 480 2028 τινος
497 1990 614 2038 (Soph
628 1992 705 2029 Ant
719 1994 837 2038 1313),
857 1993 975 2037 atque
991 1992 1199 2034 ὲλέγχιςτον
1215 1988 1406 2033 μερόπεςςι
1423 1989 1619 2032 βροτοῑςιν,
1640 1988 1771 2030 ἄτιμος

189 2040 400 2085 Ἀργείοιςιν
411 2041 513 2075 recte
526 2040 738 2085 comparari
752 2050 774 2074 a
784 2038 1058 2075 Friedericheio
1069 2036 1193 2074 Pindd
1203 2036 1246 2073 St
1254 2038 1317 2071 94:
1330 2036 1415 2071 tum-
1424 2036 1529 2080 temp
1541 2044 1655 2080 praee
1667 2034 1770 2080 quod

187 2088 384 2125 confirmat
406 2087 574 2134 paraphr
598 2087 690 2132 quid
716 2087 790 2123 sibi
816 2087 906 2123 velit
931 2087 1130 2123 obscurum
1154 2082 1333 2132 (‘accepit
1356 2083 1627 2128 acceptamque
1645 2083 1767 2119 tenet’

187 2135 380 2172 Erdmann
399 2135 446 2171 de
458 2134 489 2170 P
506 2146 578 2170 neu
596 2136 685 2180 synt
698 2137 774 2181 ἕως
794 2135 964 2181 sequitur
982 2136 1026 2171 ut
1042 2135 1267 2181 perpetuum
1285 2129 1530 2178 opprobrium
1541 2129 1640 2165 Aiax
1658 2129 1771 2176 quasi

187 2183 338 2231 infligat
362 2182 527 2226 Graecis,
558 2182 774 2228 quicunque
799 2183 951 2219 Troiam
977 2184 1232 2226 accesserunt,
1263 2179 1404 2226 quippe
1429 2178 1495 2223 qui
1518 2179 1675 2225 propter
1698 2189 1773 2222 χει-

188 2235 313 2278 ρόνων
336 2233 472 2275 τέχναν
503 2230 714 2313 ἆὲέξιίοτοω
744 2231 863 2266 virum
894 2230 1023 2267 debito
1054 2230 1240 2276 privarint
1267 2228 1425 2271 honore,
1458 2235 1571 2271 quem
1602 2225 1772 2263 restituit

187 2280 371 2317 Homerus
396 2280 454 2326 (ut
469 2277 516 2314 Ili
571 2277 602 2314 ’s
620 2280 762 2322 auctor,
787 2280 888 2314 recte
908 2278 966 2314 Ed
984 2278 1107 2315 Hiller
1125 2277 1247 2314 Rhein
1265 2275 1348 2311 Mus
1367 2278 1425 2318 42,
1445 2277 1526 2318 331,
1550 2274 1595 2308 ut
1612 2272 1770 2310 Aethio-

190 2327 310 2375 pidia,
340 2326 407 2363 alii
431 2325 647 2375 malueer
672 2337 756 2361 cum
783 2325 977 2372 Bergkio);
1017 2328 1169 2370 μομφὰν
1195 2327 1248 2368 ἔχ’
1273 2327 1313 2360 ἐν
1338 2324 1519 2359 παίδεςςιν
1545 2321 1593 2356 de
1617 2320 1771 2367 passiva

189 2376 342 2413 notione
367 2374 417 2411 cll
441 2374 518 2410 Eur
538 2373 717 2409 Heraclid
742 2375 824 2418 974,
849 2373 946 2409 Isaei
972 2384 1013 2410 or
1038 2373 1089 2409 XI
1108 2377 1153 2409 39
1180 2372 1333 2419 Bergk⁴,
1359 2371 1399 2406 id
1424 2369 1525 2415 quod
1549 2367 1660 2405 nobie
1685 2368 1769 2415 qui-

190 2425 276 2461 dem
301 2434 448 2460 versum
472 2420 729 2458 dividentibus
753 2421 811 2457 vel
836 2424 991 2467 propter
1015 2423 1177 2458 metrum
1197 2419 1384 2467 displicet,
1409 2429 1493 2454 cum
1516 2418 1610 2459 πρός
1631 2419 1637 2459 Ι
1659 2418 1769 2452 κάλα-

191 2484 260 2516 μον
286 2471 317 2508 Ο
335 2470 370 2507 Χ
389 2475 447 2516 84,
472 2472 509 2507 ἐξ
531 2472 537 2515 ί
559 2472 722 2514 οὐρανοῦ
747 2467 782 2504 Ν
801 2468 836 2503 V
855 2472 900 2504 34
926 2469 1037 2504 simm
1062 2480 1175 2504 ausus
1201 2479 1282 2505 esse
1306 2466 1337 2503 P
1366 2477 1442 2507 non
1466 2464 1656 2508 videatur3
1695 2467 1769 2508 ἔχει

191 2538 236 2551 =
261 2522 363 2565 ἐχεΡε
401 2530 486 2556 cum
516 2517 732 2554 Schnitzero
768 2518 850 2563 (pro
928 2528 1045 2563 gymn
1076 2516 1221 2552 Ellwan
1282 2518 1384 2553 186⁷,
1418 2517 1474 2557 69,
1512 2523 1561 2558 ap
1592 2511 1770 2548 Abelium

190 2580 216 2614 p
241 2572 326 2615 411)
357 2567 501 2613 interpr
525 2565 638 2611 Bury,
670 2564 781 2611 plura
805 2574 867 2600 mo
883 2563 1023 2599 iontem
1047 2564 1134 2600 vide
1159 2564 1210 2600 sis
1276 2574 1345 2599 aur
1370 2560 1539 2598 Schmidt
1563 2558 1709 2596 CXLIH

190 2618 353 2660 τρώανδ’
373 2615 421 2660 Β,
446 2617 616 2659 τρώωνδ’
635 2612 692 2658 D3
721 2614 887 2658 Τρῴανδ’
905 2610 1088 2654 Boeokw,
1112 2614 1286 2656 Τροίανδ’
1311 2613 1347 2658 (c
1364 2608 1586 2654 Boookhio¹>
1605 2606 1767 2654 Bergk⁴3

190 2663 265 2710 prll
288 2663 360 2699 11⁴⁶
465 2661 518 2698 4⁰
549 2664 654 2707 ἕρποι
679 2660 736 2704 1);
772 2662 860 2706 post
884 2661 984 2703 ἕρπει
1010 2658 1122 2704 plene
1147 2658 1226 2696 dist
1249 2658 1498 2705 Chrysippum
1530 2656 1620 2692 item
1646 2657 1770 2701 (typo-

191 2710 293 2747 thett
323 2713 483 2757 errore?)
520 2708 702 2753 Boeckh’,
739 2707 805 2754 qui
842 2717 942 2743 error
978 2706 1148 2742 manavit
1183 2706 1223 2742 in
1255 2705 1421 2742 Diseenii
1458 2705 1513 2751 (cf
1540 2703 1640 2750 expll
1672 2704 1770 2747 506),

193 2758 488 2795 Schneidewini¹
511 2756 696 2805 Bergkii¹‘
709 2755 897 2810 Hartungi
928 2754 1003 2790 edd
1130 2752 1178 2790 41
1212 2755 1355 2790 πόντου
1388 2753 1424 2788 cl
1448 2753 1483 2788 N
1502 2752 1552 2788 Vl
1571 2755 1617 2788 48
1642 2749 1770 2786 Naber

193 2806 320 2843 Mnem
344 2818 369 2843 n
389 2818 406 2843 e
425 2805 494 2842 XII
511 2807 634 2852 (1884)
654 2808 719 2849 4ος
744 2803 877 2850 quidm
903 2803 994 2846 ἄγεν
1019 2803 1067 2838 δι’
1092 2802 1223 2844 ὁμίλου
1248 2800 1278 2836 Ρ
1296 2799 1348 2835 IX
1369 2804 1438 2836 123
1464 2802 1531 2836 aut
1556 2802 1770 2845 (τετμανται

194 2855 376 2899 κέλευθοι)
401 2855 449 2891 δι’
475 2855 732 2899 Ὑπερβορέων
757 2852 774 2887 1
793 2851 845 2887 VI
863 2854 931 2887 23⁶?
976 2849 1049 2886 Sed
1080 2847 1249 2885 notabile
1281 2848 1430 2884 videtur
1454 2847 1552 2884 Pind
1581 2846 1656 2883 loci
1685 2854 1769 2893 per—

193 2901 312 2939 meati
336 2903 504 2948 (βέβακεν
523 2902 599 2943 διὰ)
625 2899 893 2945 accusativum,
916 2898 1077 2935 termino
1097 2897 1180 2944 ipso
1199 2895 1420 2933 obversante
1445 2898 1519 2939 (καὶ
1539 2897 1576 2932 ἐς
1595 2895 1771 2932 Αἰθίοπας

194 2951 333 2987 ἐπαλτο
357 2949 394 2985 N
413 2948 478 2996 VI)
502 2948 577 2985 loci
601 2947 787 2995 pervolati
809 2947 1073 2995 (πέτεταιδιά)
1097 2944 1313 2992 genetivum
1337 2944 1562 2991 praeoptare
