2014 3360
242 1075 286 1107 77

316 222 374 265 36
969 224 1217 261 PINDARVS

314 345 380 374 τοι
411 334 524 374 edere
554 335 666 375 nolui
695 326 728 374 P
758 335 818 374 IV
851 335 935 375 165
968 324 1069 389 (ubi
1091 350 1123 389 vr
1147 350 1175 375 n
1206 332 1285 391 cr),
1323 337 1391 387 qui
1427 337 1536 377 locus
1573 333 1660 389 (καί
1689 334 1776 389 τοι)
1806 349 1886 378 ιιοιι

313 400 484 439 multum
521 401 625 440 afuit
661 401 759 451 quin
794 401 894 440 mihi
929 401 1185 452 persuaderet
1222 415 1245 441 a
1281 402 1409 442 forma
1444 413 1507 443 (οι
1544 401 1704 443 omnino
1747 403 1901 443 abhorae

312 465 437 505 ruisse
461 465 506 515 P,
535 468 583 505 ut
613 462 769 506 πότνιά
792 475 859 506 τοι
883 465 916 505 P
935 466 993 506 IX
1014 467 1082 517 55,
1112 463 1256 507 Παιάν
1285 465 1332 507 τέ
1363 478 1430 508 τοι
1460 468 1558 520 τιμᾷ
1587 467 1646 507 IV
1673 469 1772 518 270,
1799 464 1888 508 ἔετι

312 541 379 570 τοι
409 528 577 571 τούτων
607 531 647 570 Ν
676 532 714 571 X
739 532 795 571 85
832 532 1078 572 restituenda
1110 544 1193 572 esse
1224 531 1463 572 viderentur.
1520 533 1659 584 Neque
1690 533 1796 573 enim
1826 534 1889 574 est

311 602 396 642 veri
427 603 556 642 simile
588 605 831 654 quantopere
861 604 981 654 poeta
1011 616 1128 644 sonos
1160 604 1192 643 ft
1217 601 1241 643 i
1265 604 1292 643 f
1314 589 1340 644 5
1372 604 1407 643 si
1436 616 1516 644 non
1544 600 1722 655 repetere
1753 603 1888 644 dedita

312 680 433 719 opera
463 668 677 718 studuerit,
715 671 758 708 at
796 671 900 708 certe
936 669 1065 720 repeti
1103 682 1228 720 aequo
1265 669 1402 722 animo
1438 681 1579 720 passus
1616 670 1686 720 sit3
1723 682 1803 721 qua
1839 668 1887 710 de

158 745 160 748 ’
230 772 233 774 ,
310 746 352 773 re
389 733 479 773 vide
515 733 732 785 prudenter
768 737 996 774 monentem
1032 734 1242 775 Lehrsium
1278 729 1504 774 Aristarch²
1534 723 1639 785 478,
1676 734 1889 787 diligenter

310 798 567 839 disserentem
591 799 762 839 Paulum
786 799 914 850 Harre
939 800 1034 840 verb
1058 800 1092 839 P
1118 800 1243 840 001100
1269 800 1397 850 1867,
1425 801 1610 847 10-11.’
1659 811 1712 840 τε
1736 812 1811 851 pro
1841 810 1887 841 ce
1928 795 1950 842 J

311 876 400 903 cum
431 865 593 916 optimis
623 866 831 917 utriusque
861 866 1101 906 recensionis
1131 866 1302 906 testibus
1331 866 1480 905 retinui
1510 864 1544 905 Ο
1567 865 1590 904 Ι
1608 866 1679 916 48,
1707 878 1781 916 pro
1800 875 1888 922 >κεν

309 930 507 980 particula
539 943 659 982 quam
691 932 884 971 omittunt
913 931 1061 971 Ambrr
1090 931 1250 971 restitui
1279 930 1364 972 ibid
1397 932 1500 981 1093
1532 926 1575 970 cf
1599 930 1627 970 J
1629 931 1680 970 ak
1698 930 1887 970 Wacker-

311 995 429 1046 nagel
458 996 609 1048 indogg
639 996 788 1037 Forsch
819 991 888 1051 (ed
918 991 1151 1049 Brugmann
1181 998 1223 1036 et
1254 991 1502 1051 Streitberg)
1524 996 1546 1034 I
1578 997 1675 1036 367.

431 1058 737 1113 τάςετίνας
767 1059 822 1102 τά
852 1061 898 1103 κέ
930 1073 992 1102 τι(
1022 1062 1098 1103 κτλ
1131 1076 1177 1102 ex
1208 1061 1281 1102 OI
1301 1062 1356 1101 82
1389 1062 1504 1101 affert
1535 1060 1639 1113 Greg
1660 1059 1779 1112 Gorp
1802 1062 1885 1100 212

310 1121 373 1180 (cf
402 1122 526 1182 236),
563 1141 684 1178 quam
720 1128 931 1168 lectionem
966 1129 1213 1179 principibus
1252 1128 1459 1178 utriusque
1500 1127 1739 1168 recensionis
1774 1125 1888 1167 libris

310 1186 399 1245 (ΟΜ
429 1194 470 1232 et
498 1190 613 1243 B‘A,
649 1191 688 1233 τί
725 1194 864 1245 vulgo3
907 1194 950 1234 cf
981 1193 1115 1233 Philol
1147 1194 1222 1244 56,
1255 1194 1384 1243 1897,
1422 1188 1497 1249 93)
1535 1192 1712 1244 egregrie
1749 1191 1886 1232 confir-

309 1260 461 1297 matam
490 1259 642 1310 recepit
666 1259 727 1309 Ty
746 1259 966 1300 Mommsen
995 1260 1134 1311 paucis
1166 1259 1440 1311 probantibus,
1470 1259 1513 1298 in
1545 1259 1687 1310 quibus
1714 1257 1887 1298 Gilders-

309 1324 418 1363 leeve
450 1325 491 1364 et
521 1324 582 1363 Ed
607 1324 813 1365 Boehmer.
867 1325 967 1365 Mihi
991 1325 1243 1377 gramatici
1269 1337 1370 1375 quae
1402 1324 1448 1364 de
1473 1324 1548 1363 hac
1571 1324 1700 1364 forma
1723 1323 1888 1363 tradunt

309 1402 356 1429 ex
387 1389 615 1430 Herodiano
646 1390 834 1430 videntur
863 1390 1054 1441 hausisse,
1085 1391 1155 1442 qui
1180 1384 1220 1444 (Ι
1246 1391 1345 1441 541,
1371 1391 1424 1430 31
1446 1385 1499 1444 L)
1531 1389 1582 1429 a'd
1613 1388 1887 1440 explicandam

308 1456 477 1495 formam
523 1457 677 1507 epicam
722 1453 826 1497 ἅεεα
869 1455 903 1498 Α
942 1458 1028 1497 554
1074 1457 1279 1509 ingeniose
1323 1467 1418 1495 usus
1468 1457 1530 1495 est
1575 1455 1774 1508 megarico
1814 1454 1887 1494 illo

308 1519 359 1561 (ά
396 1518 498 1572 μάν,
541 1522 600 1561 Ar
630 1521 717 1562 Ach
757 1523 854 1562 757.
892 1523 977 1562 784
1015 1517 1079 1577 (cf
1111 1521 1195 1561 EM
1233 1522 1332 1571 157,
1363 1521 1432 1560 48.
1466 1521 1564 1570 167,
1595 1521 1670 1570 37;
1713 1519 1816 1560 Eust
1850 1519 1888 1559 Il

306 1601 333 1638 p
356 1587 455 1638 148,
482 1588 538 1627 38
573 1585 847 1639 [Μεγαρικῶε
877 1585 947 1629 καὶ
971 1582 1234 1643 Δωρικῶε]).
1285 1586 1348 1626 De
1372 1585 1690 1626 consonantismo
1721 1580 1886 1639 (ηέττ)

307 1654 419 1692 extra
455 1652 553 1694 fines
592 1654 735 1693 atticos
776 1653 893 1710 obvio
923 1652 1019 1695 dum
1056 1654 1225 1694 certiora
1262 1652 1461 1692 affirmare
1496 1652 1616 1691 liceat
1652 1651 1694 1690 of
1724 1650 1888 1691 Meister

307 1718 418 1757 Diall
447 1718 469 1757 Ι
501 1720 599 1759 264.
634 1714 752 1769 265¹,
788 1719 962 1771 Boisacq
997 1719 1095 1759 diall
1132 1719 1225 1759 dorr
1263 1720 1330 1761 93.
1398 1717 1511 1764 Quod
1553 1730 1647 1757 vero
1689 1716 1887 1756 mirantur

308 1797 387 1823 uno
418 1784 493 1823 hoc
523 1784 611 1824 1000
642 1785 685 1823 in
717 1785 918 1825 codicibus
948 1785 1096 1825 nostris
1127 1785 1393 1836 comparuisse
1428 1785 1597 1823 formam
1632 1783 1770 1822 istam:
1805 1782 1886 1834 pri-

312 1863 422 1888 mum
454 1842 614 1900 quidem
643 1863 745 1901 pron
774 1851 901 1890 interr
937 1863 1014 1902 gen
1050 1852 1168 1891 neutr
1203 1850 1353 1902 plurali
1388 1862 1551 1889 numero
1589 1848 1766 1888 adhiberi
1794 1860 1886 1887 raro

309 1914 487 1965 potuisse
518 1928 590 1966 per
620 1927 661 1955 se
691 1917 823 1967 patet,
859 1915 1000 1956 deinde
1036 1916 1206 1961 formam
1243 1915 1342 1955 satis
1379 1915 1606 1967 ambiguam
1625 1927 1721 1972 ⁴non
1758 1913 1886 1954 solum

308 1980 547 2021 obsolevisse
576 1981 802 2032 paullatim,
833 1979 900 2021 sed
932 1982 1054 2021 etiam
1084 1982 1277 2032 scriptum
1310 1981 1380 2021 ubi
1410 1979 1624 2031 aliquando
1648 1972 1771 2019 fuerit
1795 1992 1884 2019 eva·

307 2047 440 2086 nuisse
471 2046 572 2085 nihil
602 2046 724 2086 habet
755 2046 1042 2087 admirationis.
1103 2047 1223 2098 Apud
1253 2046 1471 2086 Pindarum
1502 2045 1685 2096 equidem
1716 2045 1886 2084 alterum

271 2110 279 2116 “
307 2112 504 2151 invenisse
530 2101 642 2151 mihi'
659 2111 798 2152 videor
827 2113 979 2153 formae
1009 2109 1081 2162 τάς
1114 2112 1331 2164 vestigium
1361 2111 1543 2162 quamvis
1572 2111 1785 2150 incertum:
1815 2121 1884 2148 no-

235 2518 280 2550 78

306 2176 545 2217 bilissimum
581 2177 683 2216 illud
720 2177 770 2216 ad
805 2177 929 2218 solem
959 2177 1206 2217 deficientem
1238 2177 1506 2228 hyporchema
1536 2188 1560 2214 a
1591 2175 1721 2215 verbis
1752 2170 1885 2214 Ἀκτὶε
1955 2179 1957 2182 “

307 2238 456 2282 ἀελίου
480 2239 520 2281 τί
545 2240 791 2284 solomone
815 2237 1006 2296 μή(δεαι)
1031 2243 1173 2293 incipit
1197 2254 1262 2282 sec
1285 2241 1392 2281 Dion
1415 2241 1546 2290 Halic,
1572 2242 1765 2291 quantum
1790 2240 1884 2279 vero

308 2320 356 2346 ex
386 2307 716 2358 interpretatione
748 2308 925 2360 armenia
961 2307 1097 2359 colligi
1134 2307 1229 2346 licet
1262 2302 1321 2346 Ἀ.
1353 2302 1393 2346 ἀ.
1423 2305 1502 2345 παῖ
1531 2317 1575 2345 π.
1609 2316 1647 2353 μ.
1709 2303 1813 2350 Quid
1849 2305 1885 2344 si

308 2367 443 2412 Ἀκτὶε
480 2369 629 2412 ἀελίου
660 2369 714 2411 τά
744 2370 990 2412 πολύεκοπε
1022 2372 1189 2421 μήδεαι;
1230 2370 1426 2410 Pindarus
1462 2367 1648 2421 scripsit?
1686 2382 1779 2408 nam
1809 2369 1884 2409 hoc

310 2437 470 2489 quidem
501 2438 588 2478 loco
619 2437 788 2488 pluralis
819 2450 1005 2478 numerus
1037 2437 1277 2487 aptissimus.

427 2502 515 2544 ποὶ
541 2518 551 2543 :
579 2502 686 2544 ποὺ.
749 2503 809 2543 De
841 2503 1117 2543 adverbiorum
1148 2500 1244 2552 ποὺ,
1276 2498 1395 2553 ποθὶ,
1426 2498 1501 2540 ποὶ
1530 2500 1691 2540 notione
1722 2499 1773 2538 cll
1803 2500 1882 2539 for-

305 2570 425 2610 mulis
457 2569 579 2621 epicis
611 2567 722 2610 Ζεὺε
752 2567 832 2619 μέν
863 2580 949 2609 που
980 2566 1082 2608 τόδε
1100 2564 1218 2618 οἶδε,
1255 2564 1371 2607 οὕτω
1403 2577 1488 2607 που
1520 2563 1594 2606 Διὶ
1631 2563 1775 2614 μέλλει
1806 2565 1882 2605 κτλ

307 2637 465 2688 egregie
509 2635 732 2687 disputavit
773 2635 854 2674 Jak
892 2633 1182 2686 Wackernagel
1217 2632 1287 2672 KZ
1325 2633 1394 2682 33,
1427 2633 1494 2670 21.
1555 2629 1666 2669 Idem
1708 2629 1881 2671 Pindaro

306 2702 474 2741 formam
505 2713 580 2743 ποι
610 2701 785 2746 reddidit
815 2699 849 2741 Ο
872 2701 937 2746 ΠΙ
962 2702 1002 2750 4,
1031 2699 1064 2739 Ρ
1091 2699 1128 2737 V
1155 2699 1275 2749 1013,
1302 2698 1445 2749 quibus
1482 2695 1581 2735 adde
1617 2694 1651 2734 P
1681 2695 1722 2734 H
1756 2697 1809 2734 17
1842 2698 1882 2736 et

306 2766 340 2805 si
363 2780 426 2806 me
453 2767 588 2808 audies
613 2768 651 2807 fr
678 2769 776 2817 107,
798 2769 846 2817 53
874 2766 923 2806 d'e
949 2765 982 2806 Ο
1007 2765 1070 2807 III
1097 2766 1152 2806 38
1184 2766 1274 2804 nott
1299 2764 1402 2803 critt.
1458 2773 1544 2802 που
1568 2761 1742 2800 traditur
1766 2763 1880 2812 quat-

306 2834 397 2871 tuor
427 2833 542 2872 locis:
579 2831 648 2873 καί
678 2831 765 2874 πού
787 2844 836 2873 :ri
868 2832 901 2872 O
926 2832 947 2871 I
973 2833 1042 2881 28,
1073 2828 1126 2872 οὔ
1157 2827 1196 2870 τί
1227 2840 1315 2870 που
1346 2825 1474 2868 οὗτος
1504 2826 1536 2866 Ρ
1561 2826 1621 2865 IV
1646 2827 1715 2877 87,
1745 2823 1771 2866 ὁ
1802 2825 1880 2876 μέν

305 2908 391 2936 που
422 2898 537 2938 τεοῑε
567 2909 614 2939 τε
635 2890 740 2947 ΡΞΧ
768 2900 842 2948 11,
873 2895 1086 2939 παθόντε(
1117 2893 1202 2937 πού
1226 2906 1266 2935 τι
1297 2894 1318 2933 I
1347 2894 1389 2932 Π
1415 2894 1490 2943 24,
1524 2905 1621 2943 quos
1653 2892 1759 2947 locos
1791 2903 1879 2932 cum

306 2974 440 3001 omnes
478 2964 673 3015 corrigere
710 2964 822 3003 nefas
860 2976 943 3006 esse
967 2962 1158 3007 ⁴videatur
1196 2961 1249 2988 -'
1289 2973 1382 2999 nam
1418 2957 1582 2998 Pindari
1620 2960 1744 2997 artem
1783 2959 1878 2998 resi-
