2014 3360
256 176 343 220 392
770 174 972 211 PINDARI
996 174 1303 211 FRAGMENTA

637 285 663 327 9
695 283 739 341 (e
770 281 1120 352 paeanibus);'cf
1145 283 1198 326 ad
1228 283 1269 327 fr
1293 283 1436 339 64s65

753 390 926 433 10—28
957 388 1163 445 (incertae
1196 387 1333 444 sedis),

376 495 471 532 Eust
505 505 658 541 prooem
683 506 803 530 comm
837 493 960 530 Pindd
985 505 1005 529 c
1026 497 1080 530 11.
1109 497 1164 529 16.
1190 497 1233 529 21
1262 495 1301 539 (p
1321 497 1377 529 10.
1405 496 1554 529 11-12,
1582 497 1722 530 14-15
1734 492 1818 541 Ab).

261 543 385 580 ‘Haec
413 543 626 589 fragmenta
663 542 713 577 ad
749 541 943 585 Isthmiae,
973 540 1134 578 fortasse
1171 540 1352 576 nonnulla.
1395 541 1444 576 ad
1479 540 1688 577 Nemeaeas
1726 541 1818 578 odas

258 591 487 627 revocanda'
530 599 610 626 esse
641 589 764 636 Bergk
801 588 996 625 contendit
1037 600 1154 625 unum
1190 590 1290 636 cette
1333 588 1435 634 apud
1465 587 1706 625 Eustaffiium
1737 598 1819 625 esse

261 638 487 675 ‘scoliorum’
514 637 766 684 fragmentum
791 647 865 673 non
890 635 1068 683 ignorans
1099 637 1195 682 (123,
1213 637 1268 682 5),
1305 637 1470 671 ceterum
1506 635 1546 671 cf
1566 635 1818 673 Wilamowitz

260 685 337 722 Eur
359 685 475 722 ΗΘι-(ιι
498 685 516 720 Ι
536 687 614 729 184,
653 684 700 720 de
735 684 934 720 Nemeaeis
960 683 1083 720 Philol
1109 687 1172 729 54,
1199 686 1311 728 1895,
1335 686 1415 719 284.
1466 682 1616 719 Parbem
1652 683 1820 729 aliquam

259 733 376 780 (velut
400 737 455 769 12.
483 736 537 769 13.
566 736 620 768 16.
649 735 704 768 17.
733 735 787 768 19.
815 735 870 767 20.
898 733 957 778 23)
996 731 1045 766 ad
1080 730 1238 768 Isthmia.
1275 730 1442 767 earmina
1482 730 1670 777 pertinere
1705 730 1820 768 facile

261 781 441 825 coniciam
491 791 536 817 ex
564 779 767 875 )‘incertis’
814 778 934 815 addas
978 782 1045 814 227
1083 779 1194 825 (νέων
1231 779 1423 824 μέριμναι).
1473 781 1544 814 228
1579 779 1821 826 (τιθεμένων).

261 832 331 865 229
355 830 565 876 (νικώμενοι
581 857 589 864 .
1509 837 1514 840 ·

379 924 453 971 (10)
476 922 573 960 Eust
590 926 653 960 21:
680 924 832 967 μάλιςτα
851 924 893 959 δὲ
911 923 1090 967 ἄτριπτον
1109 921 1161 957 εἰς
1178 921 1317 965 ςυνήθη
1342 896 1477 964 γνιῑιςιν
1499 921 1546 957 τὸ
1571 921 1688 968 ἀρμῷ,
1707 923 1826 966 ἤγουν

264 972 364 1017 ἄρτι,
395 972 416 1007 δ
446 972 536 1016 παρ’
566 971 706 1016 ἑτέροις
735 971 847 1016 ἁρμοῖ
876 970 1039 1014 λέγεται,
1070 969 1122 1005 ὡς
1152 969 1213 1004 καὶ
1242 968 1344 1013 παρὰ
1367 969 1580 1015 Λυκόφρονι
1602 969 1701 1015 (106)
1727 969 1826 1013 γινό·

262 1030 375 1063 μενον
399 1019 457 1065 (9),
482 1019 569 1055 ὅθεν
595 1020 655 1054 καὶ
678 1019 724 1054 τὸ
749 1017 896 1063 ἀρτίως,
922 1017 1005 1054 οἷον

337 1103 500 1148 ἑλπίςιν
531 1102 764 1147 ἀθανάταις
795 1102 924 1155 ἁρμοῖ
953 1102 1163 1155 φέρονται

263 1199 369 1242 ἀρμῶ
408 1197 496 1241 cod,
534 1198 642 1242 ἁρμοῖ
679 1195 843 1232 Pindaro
880 1194 1065 1231 reddebat
1101 1193 1362 1230 Schneidewin
1398 1193 1507 1240 (Eust
1542 1206 1568 1241 p
1588 1196 1742 1242 12-13)
1779 1194 1830 1230 ad

264 1245 418 1282 threnos
441 1244 697 1291 fragmentum
720 1254 910 1287 revocans,
936 1243 1138 1288 utrumque
1161 1243 1272 1279 recte.

381 1340 456 1387 (11)
481 1339 577 1379 Euat
601 1343 667 1375 21:
693 1340 738 1375 τὸ
763 1340 891 1384 μέντοι
915 1337 1040 1384 eptem,
1063 1338 1184 1382 ἤγουν
1209 1337 1286 1382 ἔριν
1310 1339 1463 1383 κινῆςαι,
1487 1337 1570 1373 οἷον

348 1425 402 1469 οὐ
432 1427 602 1478 ψεῦδος.
625 1424 767 1478 ἑρίξω,

263 1521 383 1565 ἤγουν
407 1520 453 1556 οὐ
477 1519 570 1565 πρὸς
594 1520 734 1563 ψεῦδος
758 1517 1016 1564 φιλονεικήςω,
1041 1516 1111 1561 οὐχ
1135 1516 1257 1552 οὕτως
1280 1515 1428 1561 ἀςαφές.

386 1611 553 1661 (12⁸·.b·⁰)
576 1611 672 1650 Ensis
691 1615 755 1650 112
782 1611 1042 1660 (παράδειγμα)
1066 1614 1135 1648 τοῦ
1158 1611 1300 1648 τάςςειν
1324 1611 1515 1657 ἀευνήθως
1539 1612 1622 1648 καθ’
1638 1611 1833 1656 ὑποταγὴν

265 1665 343 1699 τῶν
369 1662 603 1708 ὀφειλόντων
626 1661 888 1707 προτάςςεςθαι
912 1660 957 1696 τό
1496 1665 1498 1667 ’

339 1747 536 1791 ἑνίκαςαν
567 1747 610 1790 οἳ

267 1851 450 1898 (ἐνίκηςαν
475 1852 562 1896 cod,
588 1862 670 1887 corr
695 1849 988 1896 Schneidewin),
1011 1851 1132 1894 ἤγουν
1162 1849 1297 1886 οἵτινες
1321 1849 1500 1894 ἐν’ίκηςαν.
1540 1849 1688 1886 Pictum
1713 1859 1834 1885 exem-

268 1899 375 1945 plum
398 1898 494 1935 mihi
518 1898 671 1946 quidem
696 1909 778 1935 esse
803 1897 1003 1942 viderem,
1028 1895 1103 1932 nisi
1128 1896 1284 1933 adderet
1307 1896 1529 1933 Eustathius
1554 1897 1714 1934 alterum
1738 1896 1835 1933 eius-

269 1946 356 1983 dem
380 1946 531 1993 generis
557 1957 603 1983 ex
627 1945 658 1983 O
683 1946 718 1982 Π
736 1949 782 1981 23
809 1946 923 1991 atque
947 1944 1102 1981 tortium
1125 1955 1172 1980 ex
1196 1948 1218 1981 8
1242 1945 1427 1982 haustum
1476 1944 1586 1982 Unde
1616 1945 1710 1991 (12³²)
1734 1945 1836 1990 νίκᾳ

270 1995 528 2042 μίγνυςθαι,
551 1995 598 2032 τὸ
621 1997 727 2031 νικᾶν
752 1996 816 2040 (ap
840 1992 936 2029 Euat
958 1991 990 2028 Il
1014 1995 1096 2037 382,
1115 1995 1172 2028 38.
1198 1996 1279 2029 482.
1300 1996 1363 2038 143
1394 1991 1453 2029 Od
1473 1996 1577 2037 1428,
1596 1994 1656 2038 34)
1682 1993 1721 2028 et
1745 1992 1822 2038 (12(Β

269 2043 387 2088 ἔργῳ
423 2041 680 2087 μίγνυςθαι,
710 2042 757 2077 τὸ
788 2041 1012 2086 ἑργάζεςθαι,
1050 2041 1110 2076 καὶ
1139 2041 1271 2086 ἕτερα
1299 2044 1492 2077 τοιαῦτα
1523 2039 1568 2087 (Il
1592 2043 1674 2084 382,
1694 2040 1754 2086 38)

270 2088 475 2125 Pindarum
510 2089 698 2136 pertinere
734 2098 845 2134 posse
880 2099 956 2124 non
987 2086 1201 2134 negaverim
1234 2087 1440 2134 (negabam.
1463 2087 1615 2125 Boeckh
1640 2086 1742 2133 expll
1767 2089 1835 2122 685

270 2138 310 2173 et
334 2136 476 2184 Bergk⁴
499 2140 594 2185 47¹1).
643 2135 743 2172 Nam
767 2135 858 2172 licet
881 2136 965 2182 νίκᾳ
991 2135 1179 2179 μίγνυςθαι
1203 2135 1254 2171 ad
1283 2146 1454 2172 normam
1476 2135 1710 2172 locabionum
1735 2133 1837 2170 simi—

270 2183 382 2231 lium,
420 2184 527 2221 velut'
553 2186 675 2221 ἄνθεςι
712 2184 909 2229 ςτεφάνοις
945 2184 1098 2227 φύλλοις
1139 2182 1344 2230 μίγνυςθαι,
1381 2183 1584 2220 formatum
1627 2182 1693 2218 site
1737 2183 1836 2227 ἔργῳ

272 2232 473 2278 μίγνυςθαι,
492 2233 538 2270 τὸ
558 2233 782 2277 ἑργάζεςθαι,
802 2240 1031 2276 quamquam
1049 2231 1157 2275 εἴχετ’
1170 2232 1281 2276 ἔργου
1307 2232 1365 2268 est
1382 2230 1412 2266 P
1429 2230 1482 2266 IV
1495 2234 1577 2274 233,
1596 2240 1672 2276 qua
1691 2228 1836 2266 ratione

273 2279 494 2316 Eusssathius
518 2279 577 2316 vel
601 2289 713 2324 quem
736 2277 803 2314 ille
829 2277 1011 2324 expilavit
1040 2280 1107 2316 aut
1131 2289 1152 2314 e
1183 2278 1333 2316 traditis
1359 2277 1590 2315 carminibus
1620 2278 1689 2314 aab
1724 2287 1745 2313 e
1770 2287 1837 2312 suo

273 2326 442 2364 hausisse
467 2327 639 2364 videatur
664 2325 819 2362 difficile
844 2325 949 2363 dictu
974 2326 1042 2362 est.

391 2424 465 2469 (13)
490 2422 584 2459 Euat
598 2425 660 2458 162
679 2423 741 2458 καὶ
759 2421 941 2458 ἐπιθέτων
954 2422 996 2458 δὲ
1012 2422 1169 2467 πόριμος
1187 2423 1387 2468 ἑπινοητὴς
1406 2422 1429 2458 ό
1447 2421 1563 2458 αὐτὸς
1580 2419 1838 2464 διεκπέφηνεν,

273 2471 325 2506 ὡς
348 2471 413 2506 ὅτε
437 2471 563 2516 (λέγει)
594 2470 710 2506 ἵππον
735 2468 1062 2514 κρατηςίποδα,
1093 2470 1162 2505 τὸν
1193 2470 1320 2516 δρόμῳ
1351 2469 1567 2513 νικήςαντα,
1591 2466 1685 2510 πρὸς
1716 2466 1838 2508 dumo·

272 2528 368 2561 τητα
404 2521 473 2553 τοῦ
506 2546 514 2554 .
540 2545 550 2554 .
577 2546 586 2552 .
611 2516 926 2562 κραταίποδες.
975 2515 1080 2560 Quae
1115 2516 1269 2553 fuerunt
1305 2516 1371 2562 qui
1409 2515 1458 2551 ad
1495 2514 1526 2550 P
1548 2513 1648 2549 xm
1686 2514 1753 2549 aut
1789 2512 1839 2548 ad

277 2563 307 2599 Ο
332 2563 418 2600 XIII
438 2568 482 2600 81
515 2564 714 2607 referrent,
744 2563 854 2609 quasi
883 2563 1052 2600 Phricias
1081 2563 1147 2600 ille
1178 2575 1296 2610 equus
1327 2563 1478 2606 fuissez,
1510 2562 1576 2596 aut
1608 2570 1726 2605 equus
1750 2560 1837 2605 (non

274 2612 430 2659 taurus)
445 2612 670 2658 κραταίπους
695 2610 900 2647 audivisset,
924 2611 1025 2658 apud
1050 2611 1227 2658 Delphos,
1251 2611 1372 2648 invita
1396 2609 1564 2645 Minerva
1587 2607 1749 2652 uta-ique.

397 2708 470 2753 (14.
493 2708 552 2753 15)
577 2705 671 2742 East
688 2705 746 2742 ll:
774 2735 805 2742 ..
821 2708 903 2742 ,καὶ
927 2707 1002 2744 Δία
1026 2708 1279 2753 εὐρὺζυγον
1304 2706 1425 2740 ἄλλως
1447 2703 1548 2747 παρὰ
1570 2703 1617 2738 τὸ
1640 2701 1838 2745 ὑψίζυγοψ

277 2754 345 2788 τὸν
382 2756 423 2790 δὲ
459 2755 577 2790 αὐτὸν
615 2755 674 2789 καὶ
701 2781 708 2789 .
736 2782 744 2789 .
772 2781 780 2788 .
806 2755 1111 2799 ἑριςφάραγον
1147 2753 1262 2799 (idem
1300 2751 1349 2786 ad
1386 2749 1444 2786 Od
1470 2753 1580 2793 1636,
1606 2752 1645 2793 8;
1683 2748 1723 2784 cf
1743 2748 1839 2784 Pind

279 2800 308 2835 P
327 2800 378 2836 IX
397 2805 429 2838 5.
454 2801 473 2836 I
491 2800 578 2837 VIII
595 2804 654 2846 23,
679 2800 802 2837 Bacch
821 2800 855 2836 V
873 2804 930 2847 20,
956 2801 1119 2847 denique
1142 2801 1279 2847 poetae
1303 2797 1482 2843 anonymi
1506 2795 1698 2843 <Pindum
1717 2795 1840 2879 Beigl}

279 2847 552 2944 ἶὸῗοὲέςοτᾱὶο)
587 2849 832 2894 ἑριςφάραγος
865 2850 968 2886 πόςις
994 2850 1112 2894 Ἥρης
1132 2848 1139 2896 Ι
1160 2849 1258 2884 ἐςται
1291 2847 1423 2893 (Ἥρας
1446 2846 1582 2882 ἔςςεται
1606 2842 1744 2891 Bergk)

350 2923 360 2941 ‚
441 2926 449 2933 .
