2014 3360
287 197 376 241 462
804 188 1007 234 PINDARI
1032 198 1337 237 FRAGMENTA

897 306 982 366 (με)
1006 308 1086 352 181
1116 307 1242 367 (174)

467 392 581 434 ...ὁ
611 390 694 444 γὰρ
724 391 769 436 ἐξ
800 387 921 435 οἴκου
951 394 1052 436 ποτὶ
1081 396 1230 447 μῶμον
1261 393 1438 437 ἔπαινος
1467 392 1656 447 κίρναται

407 495 519 531 Schol
560 494 657 531 Pind
692 495 730 531 N
759 495 828 532 VII
856 499 920 533 89:
966 497 1087 534 οὐδείς
1123 509 1168 543 με
1205 498 1330 542 ψέγει,
1367 497 1433 542 ὅτι]
1462 498 1602 534 ἐπαινῶ
1631 500 1722 535 τοὺς
1756 498 1852 544 Αἰγι-

286 544 420 588 νήτας·
451 545 496 579 οὐ
521 545 594 588 γὰρ
617 545 770 581 πολίτας
794 546 906 581 ὄντας
936 545 1099 589 ἐμαυτοῦ
1132 546 1191 581 διὰ
1220 549 1338 582 τοῦτο
1368 546 1524 582 ἑπαινᾱν
1553 546 1850 591 προεχαρίζεεθαι

286 592 358 636 γὰρ
383 592 430 627 ἂν
456 591 613 627 ἐδόκουν
638 593 697 628 διὰ
715 594 786 637 τὴν
805 593 1016 638 οἰκειότητα
1039 593 1296 637 ἐγκωμιάζων·
1322 594 1344 628 6
1368 594 1499 638 γὰρ..
1514 621 1522 629 .
1537 593 1759 638 κίρναται·
1784 597 1854 630 νῦν

286 639 328 675 δέ
353 638 422 675 οὐκ
446 640 501 675 ὢν
525 639 562 676 ἐξ
589 639 693 677 οἴκου
712 640 852 676 ἐπαινῶ
877 641 1016 677 αὐτούς
1034 643 1110 677 κτλ.
1153 639 1309 676 Pindari
1327 650 1408 676 esee
1431 640 1619 677 intellexit
1636 640 1850 678 Schneider.

948 761 1034 804 182
1066 759 1192 820 (175)

529 843 565 886 ὦ
597 843 742 898 πόποι,
774 843 837 888 οἷ’
865 844 1078 888 ἀπατᾶται
1109 845 1289 899 φροντὶς
1319 845 1562 898 ἑπαμερίων

528 915 606 959 οὐκ
637 915 752 960 ἰδυῖα

406 1020 552 1057 Aristid
575 1020 611 1056 H
635 1020 763 1057 23811:
801 1023 862 1058 καὶ
892 1022 1003 1058 πάλιν
1033 1020 1246 1067 (Pindarus)
1277 1021 1449 1066 ὁρμηθεὶς
1479 1021 1520 1057 ἐκ
1555 1024 1633 1058 τῶν
1667 1024 1750 1067 περὶ
1785 1026 1854 1068 τῆς

287 1069 484 1114 Ἐριφύλης
514 1069 653 1113 λόγων·
685 1069 718 1105 ὠ
748 1070 903 1114 πόποι,
941 1069 1070 1114 φηείν,
1104 1069 1192 1104 οἷ’.
1215 1097 1252 1104 ..
1280 1068 1437 1105 εἰδυῖα.
1566 1070 1672 1114 ἑπαμ.
1705 1070 1851 1117 Ami-⁶,

285 1118 398 1163 ἑφαμ.
423 1117 507 1154 DU
574 1117 693 1154 εἰδυῖα
717 1116 826 1163 codd,
851 1116 950 1153 retin
974 1115 1110 1163 Bergk,
1136 1116 1235 1153 ἰδυῖα
1258 1115 1411 1153 Boeckh

946 1237 1032 1281 183
1058 1235 1184 1296 (177)
1240 1263 1242 1265 -

498 1335 1343 1356 ---------------

505 1467 554 1510 ὃς
585 1465 803 1510 Δολόπων
833 1463 968 1517 ἄγαγε
999 1465 1157 1519 θραεὺν
1180 1464 1333 1518 ὅμιλον
1358 1467 1641 1518 εφενδονᾶεαι

496 1537 757 1590 ἱπποδάμων
787 1537 980 1580 Δαναῶν
1013 1537 1149 1590 βέλεει
1178 1537 1432 1590 πρόεφορον

405 1642 516 1679 Strab
534 1642 586 1678 IX
611 1646 698 1696 431.
725 1644 747 1678 ὁ
767 1643 833 1687 μὲν
857 1643 926 1679 οὖν
943 1643 1102 1687 ποιητὴς
1120 1643 1287 1687 οὐδαμοῦ
1313 1643 1492 1687 μέμνηται
1511 1641 1722 1689 Δολοπικῆε
1746 1655 1851 1692 ετρα-

282 1695 363 1729 τιᾶε
388 1692 482 1727 κατὰ
500 1693 590 1727 τοὺς
613 1677 697 1736 περὶ
721 1692 829 1727 Ἴλιον
847 1691 1011 1738 ἀγῶνας·
1037 1690 1124 1726 οὐδὲ
1148 1691 1220 1736 γὰρ
1240 1691 1365 1727 αὐτῶν
1383 1691 1450 1726 τὸν
1469 1691 1634 1736 ἡγεμόνα
1658 1684 1851 1728 Φοίνικῖι

283 1739 485 1783 πεποίηκεν
512 1738 563 1774 εἰ(
586 1740 676 1775 τοὺς
699 1739 893 1774 κινδύνου(
917 1735 1063 1775 ἐξιόντα
1088 1739 1252 1784 καθάπερ
1276 1739 1344 1774 τὸν
1369 1738 1548 1784 Νέετορα·
1576 1740 1679 1775 ἄλλοι
1703 1740 1737 1775 δ’
1755 1739 1850 1784 εἰρή-

284 1798 375 1832 καει,
407 1787 572 1831 καθάπερ
604 1787 664 1821 καὶ
687 1786 877 1831 Πίνδαρος
907 1787 1074 1831 μνηεθεὶε
1103 1789 1172 1822 τοῦ
1204 1786 1428 1823 Φοίνικος·
1460 1787 1509 1823 ὃς
1533 1787 1756 1823 Δολόπων
1782 1815 1790 1822 .
1812 1815 1820 1822 .
1841 1815 1850 1823 .

282 1835 568 1880 πρὸεφορον,
594 1832 694 1869 unde
719 1836 819 1879 epac.
845 1834 904 1877 δμ.
930 1835 1054 1879 (φενδ.
1092 1832 1253 1871 Eustath
1271 1833 1397 1879 11311,
1410 1837 1467 1869 22.
1527 1834 1621 1879 πρὸ(
1644 1835 1765 1881 φόνον
1777 1833 1849 1871 Aa,

915 1968 917 1970 ·
950 1966 1036 2010 184
1062 1934 1189 2026 (179)

569 2121 804 2176 ὑπερμενὲε
832 2121 1220 2178 ἀκαμαντοχάρμαν
1247 2122 1354 2168 Αἶαν

404 2226 594 2262 Herodian
613 2226 647 2263 11
667 2230 752 2273 659
778 2228 882 2265 26L=
914 2231 973 2265 καὶ
1003 2230 1103 2274 παρὰ
1133 2230 1312 2276 Πινδάρῳ
1342 2228 1375 2265 ὦ
1400 2228 1736 2274 ἀκαμαντοχάρμαν
1766 2226 1850 2264 οῖον

286 2277 471 2320 ὑπερμ.
522 2277 677 2321 .,Αῑαν
708 2278 791 2322 περὶ
822 2278 867 2313 οὗ
892 2279 987 2314 ἔετιν
1018 2276 1132 2313 εἰπεῖν
1162 2278 1220 2313 ὅτι
1251 2277 1345 2313 κατὰ
1376 2277 1625 2320 ευνεκδρομὴν
1655 2278 1724 2311 τοῦ
1756 2275 1848 2311 Αἶαν

284 2323 434 2367 ἐγένετο
460 2325 795 2369 ἀκαμαντοχάρμαν
820 2326 912 2369 μετὰ
935 2326 1046 2362 ’ποῦ’
1023 2339 1056 2372 ν,
1083 2325 1143 2361 διὰ
1161 2327 1232 2370 τὴν
1251 2323 1471 2369 ἑπαλληλίαν
1494 2326 1573 2359 τῶν
1597 2323 1847 2368 φωνηέντων·

284 2372 363 2407 ἐπεὶ
394 2371 426 2408 εἰ
457 2372 558 2407 οὕτω
590 2372 739 2415 ἐγένετο
772 2373 803 2409 ὦ
834 2374 1216 2418 ἀκαμαντοχάρμα
1247 2373 1372 2417 Αἶαν,
1403 2372 1610 2414 ἀλλεπαλλη
1612 2369 1671 2406 ua
1701 2371 1849 2413 ἔμελλεν

286 2420 380 2455 εἶναι
403 2422 482 2455 τῶν
508 2420 758 2467 φωνηέντων,
789 2423 848 2457 καὶ
879 2422 921 2457 ἐκ
949 2422 1088 2457 τούτου
1121 2419 1339 2464 κακοφωνία
1364 2419 1523 2460 ἐγένετο.
1573 2415 1622 2452 Of
1640 2415 1809 2452 Choerob
1831 2415 1850 2451 I

286 2469 366 2511 131
381 2469 437 2502 32.
466 2470 545 2510 149,
560 2470 580 2502 8
594 2466 644 2502 H]
760 2469 1095 2514 ἀκαμαντόχαρμαν
1114 2466 1238 2514 Bergk
1252 2478 1272 2502 c
1290 2464 1491 2510 Boeofflo,
1516 2465 1850 2510 ἀκαμαντοχάρμαν

286 2525 306 2549 ο
331 2513 501 2550 Bekkero
527 2480 680 2551 Ιιοὶιεοὶ
700 2515 875 2563 paralipp
897 2519 1381 2554 172..

947 2636 1030 2680 185
1057 2635 1183 2694 (184)

568 2737 805 2755 wau—kl-.
854 2736 1092 2755 ῌῌῌῌῌ

571 2793 648 2836 (ἔτι
680 2795 727 2836 δὲ
759 2795 938 2846 τειχέων
968 2791 1099 2835 κακίει
1131 2787 1311 2832 καπνόε’

326 2888 328 2890 ’
405 2897 514 2933 eram
537 2898 597 2933 An
621 2897 695 2933 Par
711 2897 763 2933 IV
777 2902 834 2942 35,
856 2901 899 2932 18
914 2908 965 2932 ss:
998 2896 1112 2931 κίκυε·
1141 2896 1163 2937 ἡ
1190 2893 1368 2937 δύναμις.
1421 2894 1522 2929 ,ἀπὸ
1545 2895 1614 2931 τοῦ
1639 2892 1847 2929 ἀνακικύειν

287 2943 481 2991 (laudatur
502 2947 534 2981 Ψ
554 2949 633 2990 507,
658 2945 726 2980 ubi
751 2946 944 2989 ἀνεκήκιεν
969 2944 1080 2988 ἱδρώς
1105 2940 1257 2987 vulgo)
1311 2944 1396 2978 .καί
1420 2942 1521 2987 παρὰ
1538 2940 1730 2987 Πινδάρῳ·
1756 2940 1844 2977 {cv
