2014 3360
281 209 370 251 484
809 209 1013 247 PINDARI
1037 211 1342 248 FRAGMENTA

281 326 360 364 quo⁴
379 316 526 352 retentae
550 318 945 363 πεντηκοντηρέτμοῡς
969 321 1059 364 φηςί
1084 318 1269 366 corrigere
1292 319 1445 356 Boeckh
1469 320 1620 366 maluit,
1651 333 1851 367 πεντηκον-

277 364 504 409 ταερέτμους
534 364 661 400 neseio
693 375 768 411 quo
804 366 917 411 pacto
952 365 1096 411 Christ3
1132 368 1435 414 πεντηκόντορον
1471 372 1565 405 ναῠν
1594 367 1624 403 Ρ
1653 367 1706 405 IV
1730 373 1800 407 245
1825 380 1849 406 a·

278 411 524 458 grammatico
549 411 649 447 male
675 411 888 449 adhibitam
913 424 993 449 esse
1019 414 1199 460 crederes,
1225 414 1300 450 nisi
1317 415 1508 461 poeticum
1525 415 1748 452 vocabulum
1767 427 1848 453 esse

278 461 431 503 ερετμός
444 459 649 505 videretur,
675 470 906 506 quamquam
924 463 972 498 τὰ
996 463 1220 508 τρυπήματα
1235 466 1315 499 τῶν
1334 464 1499 508 ἐρετμῶν
1518 462 1658 511 legitur
1676 474 1726 510 ap
1745 464 1850 501 schol

278 505 383 542 Arist
406 517 478 553 pac
499 510 590 542 1233
596 506 621 544 ².

945 558 1036 601 260
1060 557 1189 617 (178)

393 638 538 674 Aristid
562 638 598 674 H
622 642 691 674 339
717 638 811 676 Ddf:
847 641 966 677 καίτοι
996 640 1053 676 τίς
1083 641 1153 676 οὐκ
1177 642 1224 676 ἂν
1249 615 1399 686 φήςειεν
1430 642 1564 683 οὐτωςὶ
1587 645 1729 688 πολλὴν
1755 643 1849 680 εἶναι

274 687 344 730 τὴν
369 686 535 732 ἀλογίαν,
561 688 654 723 ὄντα
680 689 746 732 μὲν
772 689 888 724 αὐτὸν
908 687 1227 734 (Palamedem)
1253 690 1532 735 κυριώτερον
1555 693 1624 725 τοο
1650 691 1850 727 Ὀδυςςέως

274 733 336 769 εἰς
361 734 520 779 ςοφίας
544 735 701 782 λόγον,
725 737 778 772 ὡς
801 737 876 781 ἔφη
904 735 1104 782 Πίνδαρος,
1136 737 1206 772 εἶθ’
1229 737 1438 782 ἡττηθῆναι
1468 738 1543 773 ὑπὸ
1566 740 1635 773 τοῦ
1660 738 1846 785 χείρονος,

918 855 1048 913 †261
1077 855 1204 915 (180)

393 935 494 983 Soph
519 937 567 973 Ai
591 937 739 984 hypoth
764 939 861 974 extr:
886 941 971 984 περὶ
996 941 1037 974 δὲ
1061 942 1129 983 τῆς
1146 941 1316 984 πλευρᾶς,
1343 939 1400 975 ὅτι
1420 939 1539 984 μόνην
1557 939 1677 984 αὐτὴν
1694 942 1846 986 τρωτήν

272 985 370 1029 εἶχεν
407 985 543 1032 (Aiax),
581 987 715 1031 ἱςτορεί
739 989 799 1023 καὶ
829 986 1036 1031 Πίνδαρος,
1067 987 1126 1022 ὅτι
1154 987 1201 1022 τὸ
1235 988 1302 1028 μὲν
1327 989 1446 1032 ςῶμα,
1483 987 1576 1031 ὅπερ
1613 988 1797 1032 ἐκάλυψεν
1820 991 1846 1034 ἡ

252 1034 404 1077 ’λεοντῆ
430 1034 651 1079 (ἐκάλυπτεν
675 1036 700 1079 ἡ
724 1038 795 1070 τοῦ
823 1034 1043 1078 Ἡρακλέους
1068 1036 1209 1077 λεοντῆ·
1227 1032 1354 1115 Τι’ἰοὲ,
1380 1035 1551 1088 ἄτρωτον
1575 1035 1634 1080 ἦν,
1658 1035 1704 1071 τό
1729 1037 1770 1071 δὲ
1795 1038 1846 1081 μὴ

270 1082 461 1122 καλυφθὲν
487 1082 594 1127 (ὅπερ
618 1083 666 1126 ἣν
691 1084 716 1126 ἡ
740 1082 882 1126 πλευρὰ
912 1082 1068 1127 propter
1091 1080 1139 1116 Αἱ
1165 1084 1235 1117 834
1261 1081 1310 1116 ad
1369 1080 1483 1127 Tncl)
1512 1084 1660 1127 τρωτὸν
1691 1083 1843 1126 ἔμεινεν.

271 1126 331 1162 Ad
355 1126 452 1162 Pind
476 1127 494 1162 I
519 1127 571 1163 Ἦ
595 1131 642 1164 47
668 1138 692 1163 a
723 1129 971 1175 grammatico
1002 1128 1102 1163 male
1132 1127 1368 1172 intellectum
1405 1129 1623 1165 dubitanter
1657 1130 1847 1166 revocavit

272 1173 435 1220 Boeckh,
461 1175 528 1220 qui
554 1175 730 1211 dubitare
756 1176 949 1220 desiisset,
981 1175 1014 1211 si
1037 1185 1135 1221 quae
1167 1175 1406 1212 dissimulato
1430 1176 1585 1212 Pindari
1608 1177 1759 1213 nomine
1784 1188 1846 1213 ex-

269 1222 379 1267 ponit
401 1222 508 1258 schol
522 1222 604 1259 Ven
625 1225 657 1260 Ψ
676 1226 744 1259 821
766 1223 955 1259 recordari
974 1222 1170 1268 voluissem
1195 1223 1236 1259 cf
1256 1223 1372 1260 etiam
1390 1223 1597 1270 Aeschylus
1616 1224 1657 1260 in
1674 1223 1845 1261 Thressis

269 1268 318 1315 (fr
336 1272 382 1305 83
408 1269 494 1318 1⁴1¹),
521 1282 634 1316 quem
664 1270 764 1307 male
794 1270 984 1308 inssellexit
1007 1270 1118 1307 Tzetz
1150 1270 1254 1307 schol
1284 1270 1457 1318 Lycophr
1474 1275 1545 1308 455
1570 1283 1591 1307 c
1615 1271 1719 1308 schol
1744 1271 1846 1319 Soph

267 1317 317 1353 Ai
342 1321 422 1355 888.

938 1415 1027 1459 262
1054 1415 1181 1475 (181)

387 1497 499 1534 schol
523 1498 560 1534 A
586 1499 721 1535 K436:
757 1499 907 1543 Ῥῆςος
936 1499 1035 1542 γένει
1065 1500 1133 1543 μὲν
1166 1500 1215 1544 ἦν
1247 1499 1363 1545 Θρᾲξ,
1394 1499 1474 1535 υἱὸς
1506 1500 1548 1536 δὲ
1579 1500 1842 1544 Στρυμόνος

266 1549 336 1581 τοί)
363 1547 494 1582 αὐτόθι
518 1545 689 1591 ποταμοῦ
716 1548 776 1582 καὶ
803 1547 1031 1591 Εὐτέρπης
1055 1549 1139 1590 μιᾶς
1168 1549 1247 1582 τῶν
1279 1547 1459 1593 Μουςῶν,
1491 1548 1673 1592 διάφορος
1698 1548 1740 1583 δὲ
1762 1550 1842 1583 τῶν

267 1594 349 1630 καθ’
386 1595 502 1630 αὑτὸν
539 1595 741 1639 γενόμενος
771 1595 812 1630 ἐν
842 1595 1052 1638 πολεμικοῖς
1087 1595 1210 1639 ἔργοις
1240 1594 1376 1639 ἐπῆλθε
1412 1599 1491 1631 τοῖς
1527 1596 1702 1640 Ἕλληςιν,
1739 1595 1842 1631 ὅπως

264 1642 385 1685 Τρωςὶ
422 1642 655 1688 ςυμμαχήςῃ,
693 1644 754 1678 καὶ
789 1641 890 1688 (μίαν
926 1642 1086 1688 ἡμέραν)
1121 1643 1316 1686 ςυμβαλὼν
1350 1643 1511 1678 πολλοὺς
1546 1645 1626 1679 τῶν
1658 1643 1841 1687 Ἐλλήνων

267 1688 499 1726 ἀπέκτεινεν·
526 1689 670 1726 δείςαςα
695 1691 736 1726 δέ
761 1690 868 1735 Ἥρα
892 1691 975 1734 περὶ
998 1692 1078 1725 τῶν
1104 1689 1288 1734 Ἑλλήνων
1309 1689 1496 1735 Ἀθηνᾶν
1521 1690 1582 1726 ἐπὶ
1604 1691 1677 1735 τὴν
1700 1691 1840 1727 τούτου

266 1737 477 1782 διαφθορὰν
501 1737 654 1781 πέμπει·
687 1738 914 1774 κατελθοθςα
940 1737 975 1774 δ’
997 1739 1022 1782 ἡ
1048 1737 1133 1773 θεὸς
1158 1737 1364 1774 Ὀδυςςὲα
1387 1749 1430 1774 τε
1464 1739 1524 1774 καὶ
1549 1738 1755 1782 Διομήδη
1781 1738 1841 1774 ἐπὶ

264 1785 336 1829 τὴν
355 1787 592 1830 καταςκοπὴν
611 1785 759 1830 ἑποίηςε
775 1786 986 1829 προελθεῖν·
1013 1785 1223 1821 ὲπιςτάντες
1248 1786 1289 1821 δὲ
1307 1785 1439 1821 ἐκεῖνοι
1458 1785 1678 1831 κοιμωμένῳ
1705 1785 1742 1821 Ῥ
1782 1795 1839 1830 ςψ

264 1831 381 1866 αὐτόν
405 1842 447 1868 τε
473 1834 534 1868 καὶ
557 1834 648 1869 τοὺς
666 1832 838 1878 ἑταίρους
856 1833 974 1868 αὐτοῦ
994 1832 1208 1876 κτείνουςιν,
1234 1834 1287 1868 ὡς
1311 1832 1444 1878 ἱςτορεῖ
1460 1833 1659 1878 Πίνδαρος.
1696 1830 1752 1867 Ea
1781 1835 1853 1866 em'

262 1876 304 1913 in
334 1877 484 1915 brevius
516 1881 711 1917 contracta
744 1878 851 1916 schol
868 1879 962 1925 BT,
995 1878 1157 1916 Eueteth
1181 1879 1213 1915 11
1233 1882 1314 1924 817,
1334 1883 1390 1917 28.
1440 1879 1496 1916 De
1526 1879 1657 1916 Musae
1688 1879 1839 1915 nomine

263 1924 305 1960 cf
324 1924 471 1972 hypoth
495 1926 608 1974 Rhea,
635 1927 740 1964 schol
764 1927 866 1963 Rhea
886 1930 955 1964 346
983 1927 1160 1974 (Aponod
1178 1926 1196 1963 1
1217 1930 1261 1963 18
1275 1926 1348 1974 W).

948 2047 1037 2092 263
1058 2047 1156 2107 (34)

380 2128 480 2165 Paua
498 2129 551 2165 IX
570 2134 628 2176 22,
649 2134 686 2167 7:
718 2131 868 2168 τούτων
899 2142 941 2168 τε
966 2130 1226 2177 (nondum)
1258 2131 1305 2176 δή
1337 2131 1411 2167 ἑςτι
1441 2133 1488 2176 τῇ
1523 2130 1717 2174 Ἀνθηδόνι
1748 2127 1837 2172 μνή-

263 2188 362 2221 ματα
385 2181 446 2214 καὶ
477 2178 535 2214 ἐπὶ
559 2183 607 2226 τῇ
642 2179 801 2225 θαλάςςῃ
833 2180 1063 2222 καλούμενον
1088 2180 1287 2215 Γλαύκου
1319 2179 1484 2224 πήδημα.
1533 2178 1628 2213 εῖναι
1653 2176 1834 2226 δΜλιέα,

262 2226 323 2261 καὶ
347 2225 427 2262 ἐπεὶ
450 2228 519 2270 τῆς
541 2227 638 2264 πόας
655 2227 775 2272 ἔφαγε
788 2225 925 2273 (Aeech
943 2225 978 2262 fr
996 2228 1053 2263 28.
1081 2229 1126 2262 29
1146 2224 1226 2272 ΝἺ,
1252 2226 1409 2270 δαίμονα
1427 2226 1468 2261 ἐν
1487 2225 1645 2270 θαλάςςη
1669 2223 1835 2266 γενέςθαι

263 2274 323 2308 καί
347 2273 558 2317 ἀνθρώποις
587 2275 636 2310 τὰ
667 2275 822 2320 έςόμενα
847 2275 885 2311 ἐς
913 2275 1002 2311 τόδε
1026 2275 1238 2320 προλέγειν,
1270 2274 1308 2309 οἵ
1330 2284 1373 2310 τε
1404 2274 1507 2309 ἄλλοι
1536 2272 1644 2307 πιςτὰ
1673 2271 1834 2314 ἥγηνται

263 2320 323 2355 καὶ
348 2319 384 2356 οἱ
401 2322 472 2365 τὴν
492 2321 672 2358 θάλαςςαν
695 2323 874 2359 πλέοντες
896 2324 1047 2358 πλεῖςτα
1071 2322 1282 2366 ἀνθρώπων
1307 2321 1345 2356 ἐς
1367 2322 1440 2365 τὴν
1465 2319 1627 2356 Γλαύκου
1654 2318 1833 2360 μαντικὴν

261 2367 357 2403 κατὰ
381 2368 466 2404 ἔτος
489 2368 644 2405 ἕκαςτον
669 2370 824 2414 λέγουςι.
872 2370 1053 2416 Πινδάρῳ
1078 2370 1120 2405 δὲ
1144 2370 1205 2405 καὶ
1228 2367 1393 2413 Αἰςχύλῳ
1416 2365 1710 2409 πυνθανομένοις
1732 2363 1834 2407 παρὰ

263 2414 526 2462 Ἀνθηδονίων,
550 2420 607 2462 τῷ
632 2418 700 2461 μὲν
725 2418 795 2453 οὐκ
813 2418 873 2453 ἐπὶ
890 2419 986 2454 πολὺ
1006 2418 1165 2461 ἐπῆλθεν
1209 2426 1265 2452 ςαι
1289 2415 1344 2451 τὰ
1368 2415 1412 2450 ἐς
1431 2414 1643 2456 Γλαῦκον,
1668 2410 1833 2456 Αίςχύλῳ

260 2462 302 2497 δὲ
327 2464 387 2499 καί
413 2463 451 2499 ἐς
473 2462 620 2509 ποίηςιν
645 2465 833 2511 δράματος
858 2465 1037 2511 ἐξήρκεςε.
1087 2462 1136 2507 Cf
1232 2461 1268 2497 fr
1285 2465 1342 2498 62.

851 2587 854 2590 ·
919 2583 1010 2628 264
1035 2582 1181 2642 (189⁸)

378 2664 533 2701 Ps-Plut
557 2666 612 2702 vit
635 2665 734 2702 Hom
751 2666 786 2702 11
805 2671 844 2703 2:
870 2668 1067 2712 Ὅμηρον
1090 2664 1220 2701 τοίνυν
1243 2663 1431 2708 Πίνδαρος
1457 2662 1527 2717 μὲν
1551 2661 1626 2706 ἔφη
1652 2660 1757 2696 Χῑόν
1780 2669 1829 2696 τε

259 2714 330 2748 καὶ
360 2714 617 2758 Σμυρναῖον
653 2716 831 2761 γενέςθαι,
868 2714 1075 2759 Σιμωνίδης
1104 2714 1145 2748 δὲ
1176 2713 1264 2748 Χῖον
1294 2712 1369 2746 κτλ.
1419 2708 1486 2745 Vns
1515 2707 1613 2743 Hom
1642 2705 1827 2743 Westerm

259 2757 369 2807 biogr
392 2771 418 2806 p
438 2763 501 2796 28:
533 2762 579 2797 τὸ
612 2764 653 2798 δὲ
683 2763 792 2806 γένος
822 2763 918 2798 κατὰ
943 2762 1009 2805 μὲν
1038 2759 1229 2804 Πίνδαρον
1254 2759 1505 2802 Σμυρναῖος
1528 2754 1584 2802 (cf
1605 2754 1655 2790 ad
1678 2754 1714 2789 fr
1731 2756 1828 2801 204),

258 2809 352 2843 κατὰ
378 2809 419 2844 δὲ
443 2809 655 2855 Σιμωνίδην
685 2811 781 2847 Χῖος.
830 2808 900 2844 Vis.
920 2807 1020 2843 Hom
1042 2806 1110 2842 ibd
1134 2817 1160 2851 p
1179 2808 1242 2840 30:
1277 2804 1509 2848 Ἀναξιμένης
1538 2804 1599 2839 καὶ
1630 2803 1829 2847 Δαμάςτης
1869 2815 1874 2818 ·

257 2856 317 2890 καὶ
334 2855 524 2900 Πίνδαρος
547 2856 653 2893 Χῖον
677 2858 747 2893 τόν
765 2857 935 2902 Ὅμηρον
960 2854 1237 2899 ἀποφαίνονται
1269 2853 1328 2888 καὶ
1360 2852 1566 2905 Θεόκριτος.
1619 2848 1826 2905 Utnmguq

257 2902 420 2946 pan-iam
457 2901 631 2949 Homero,
667 2903 832 2949 priorem
869 2902 1078 2947 Smyrnam,
1116 2900 1274 2936 alteram
1305 2898 1439 2934 Chium
1468 2908 1493 2933 a
1516 2896 1680 2934 Pmdaro
1710 2896 1828 2933 tnbm

257 2950 357 2985 reete
383 2949 614 2987 existimavit
638 2950 801 2987 Boeckh.
