2014 3360
291 693 448 733 Indices
485 694 705 734 carminum
734 693 1035 733 Pindaricorum
1071 692 1261 733 habemus
1298 693 1472 744 quinque
1509 693 1573 733 vel
1611 688 1745 745 potius

173 759 285 810 duos,
316 759 486 798 alterum
513 760 557 799 in
581 750 714 800 codice
738 752 790 798 Av
808 760 1009 799 servatum
1041 753 1259 814 (Boeckhio
1286 759 1354 810 qui
1378 759 1555 799 innotuit
1579 773 1626 799 ex
1651 773 1745 811 apo-

171 825 324 877 grapho
355 820 642 880 Redigerano),
678 825 954 878 neglegentius
996 824 1133 875 pauno
1174 825 1389 876 repetitum
1430 825 1479 864 ab
1521 824 1746 872 Eustaffiio,

169 890 340 930 alterum
371 889 479 942 apud
512 890 695 941 Suidam,
731 892 843 930 cuius
875 890 1014 930 affines
1044 892 1155 940 sunt,
1185 889 1334 930 indices
1365 890 1400 930 si
1430 892 1605 941 spectas,
1642 890 1744 930 Tho-

167 969 288 996 mana
318 956 404 996 vita
434 951 545 1010 (cum
576 955 794 1008 appendice
825 952 1142 1010 vindobonensi)
1174 958 1215 996 et
1244 954 1371 1004 γένος
1401 952 1622 1006 ἔμμετρον.

268 1021 335 1077 ‘In
374 1021 640 1062 Ambrosiano
681 1022 808 1074 igitur
851 1022 953 1061 libro
997 1022 1188 1073 seriptum
1231 1021 1418 1074 legimus:
1459 1019 1653 1072 γέγραφε
1695 1020 1743 1062 δὲ

172 1083 310 1138 βιβλία
327 1083 629 1128 ἑπτακαίδεκα·
661 1085 833 1138 ὕμνους,
858 1086 1055 1137 παιᾶνας,
1074 1085 1344 1138 διθυράμβων
1366 1081 1413 1138 β’,
1432 1084 1675 1137 προςοδίων
1697 1083 1746 1138 β’,

168 1149 415 1202 παρθενίων
442 1146 490 1203 β’,
522 1151 701 1204 φέρεται
732 1151 781 1194 δὲ
812 1150 882 1193 καὶ
909 1146 951 1202 γ’
982 1147 1180 1207 (φέρεται
1210 1150 1258 1194 δὲ
1289 1150 1358 1193 καὶ
1388 1154 1515 1203 παρθ.
1548 1146 1583 1203 β’
1608 1151 1678 1193 καὶ
1703 1148 1743 1200 γ’

168 1207 260 1268 cod,
301 1220 441 1269 transp
481 1218 606 1258 altero
643 1216 712 1259 καὶ
748 1218 879 1259 deleto
915 1213 1115 1274 Boeckh)‚
1157 1215 1182 1258 ὃ
1226 1214 1509 1268 ἐπιγράφεται
1553 1213 1745 1273 (ΒοοοΙὼ,

170 1294 264 1333 -φει
290 1278 383 1338 cod)
414 1282 736 1334 κεχωριςμένων
763 1281 1009 1334 παρθενίων
1036 1278 1344 1338 (κεχωριςμένα
1370 1295 1412 1323 π.
1445 1283 1516 1323 alii
1544 1279 1745 1339 laudant),

166 1344 484 1398 ὑπορχημάτων
517 1345 564 1399 β’,
595 1346 794 1399 ἐγκώμια,
809 1347 1017 1400 θρήνους,
1036 1346 1239 1390 ἐπινίκων
1258 1342 1308 1390 δ’.
1343 1349 1583 1389 Eustathius-
1610 1351 1744 1389 autem

167 1405 350 1467 (prooein
369 1426 390 1453 c
404 1415 473 1464 34,
493 1428 519 1465 p
535 1415 603 1465 26,
619 1416 672 1453 19
687 1409 790 1469 Ab):
811 1411 886 1455 εἰςὶ
905 1413 953 1455 δὲ
968 1412 1041 1466 (τὰ
1060 1413 1295 1467 ποιήματα)
1310 1412 1474 1467 (ὕμνοι,
1487 1415 1530 1454 cf
1537 1429 1564 1466 p
1580 1415 1650 1466 22,
1665 1417 1689 1454 9
1705 1427 1744 1454 ss

169 1479 238 1530 27,
262 1477 354 1531 4),
380 1478 580 1529 παιᾶνες,
612 1478 881 1530 διθύραμβοι,
913 1477 1143 1530 προςόδια,
1175 1479 1404 1531 παρθένια,
1435 1477 1497 1523 τὰ,
1526 1478 1593 1521 καὶ
1634 1478 1742 1521 αὐτὰ

165 1542 513 1594 μνημονευθὲντα
531 1542 617 1595 πρὸ
638 1543 835 1596 βραχέων
854 1539 947 1600 (scil
966 1559 992 1596 p
1015 1547 1084 1596 25,
1100 1547 1167 1596 123
1181 1559 1274 1585 nam
1293 1545 1360 1585 ubi
1379 1558 1538 1586 versum
1557 1545 1673 1585 affert
1691 1559 1739 1585 ex

166 1609 395 1660 partheneis
424 1623 452 1661 p
481 1611 550 1660 20,
576 1611 628 1649 21
664 1606 775 1661 ᾆσμα
806 1609 938 1650 dicere
970 1612 1068 1651 satis
1098 1607 1252 1666 habet),
1282 1608 1579 1662 ὑπορχήματα,
1609 1608 1743 1660 ἐγκώ-

166 1685 251 1725 μια,
280 1674 431 1734 θρῆνοι
461 1673 530 1715 καὶ
560 1672 782 1728 ἐπινίκιοι,
807 1673 915 1716 κατὰ
945 1675 1024 1727 τὴν
1054 1673 1278 1729 ἱςτορίανγ
1310 1668 1621 1732 (ςτιχομει-ρίαν
1651 1675 1743 1716 Birt

166 1739 411 1781 Buchwesen
439 1740 537 1791 165,
566 1737 673 1790 μετὰ
702 1739 792 1781 τῶν
822 1737 1021 1791 ἱςτοριῶν
1053 1741 1194 1782 Vitelli
1224 1742 1314 1781 Mus
1344 1741 1424 1782 Ital
1454 1742 1475 1781 I
1501 1737 1607 1796 162)
1641 1737 1740 1782 ὧςεὶ

166 1803 499 1856 τετρακιςχίλιοι,
530 1802 607 1846 οὓς
637 1803 706 1846 καὶ
737 1802 955 1846 ἐπινίκους
984 1804 1339 1859 τετραςυλλάβως
1370 1805 1511 1858 φαςίν,

286 1869 430 1910 Suidas
453 1866 487 1925 (i
506 1883 527 1910 e
546 1870 768 1921 Hesychius
787 1872 967 1912 Milesius
992 1874 1234 1924 epitomatus
1258 1875 1437 1914 recoctus
1455 1867 1740 1928 interpolatus)

166 1936 264 1976 haec
286 1935 426 1975 habet:
454 1933 691 1986 Πίνδαρος·
722 1933 888 1986 ἔγραψε
915 1936 964 1977 δὲ
988 1936 1039 1979 ἐν
1067 1936 1242 1990 βιβλίοις
1269 1934 1318 1981 ιζ’
1343 1936 1508 1990 Δωρίδι
1533 1937 1742 1992 διαλέκτῳ

166 2002 317 2043 ταῦτα·
343 1992 659 2051 ὀλυμπιονίκας,
679 1999 940 2052 πυθιονίκας,
958 1999 1255 2055 <ἰςθμιονίκας,
1275 2001 1534 2055 νεμεονίκας,
1553 2017 1579 2045 v
1596 2000 1743 2057 infra),

167 2063 386 2117 προςόδια,
411 2064 631 2116 παρθένια,
656 2063 969 2118 ἐνθρονιςμούς,
996 2066 1186 2119 βακχικά,
1209 2067 1527 2121 δαφνηφορικά,
1547 2069 1741 2119 παιᾶνας,

166 2129 460 2182 ὑπορχήματα,
491 2127 659 2179 ὕμνοῦῖ,
687 2127 983 2182 διθυράμβους,
1009 2130 1167 2184 ςκολιά,
1192 2132 1393 2186 ἐγκώμια,
1419 2132 1614 2186 θρήνους,
1639 2131 1740 2185 δρά-

167 2209 280 2249 ματα
308 2192 487 2247 τραγικά
523 2190 606 2248 [ιζ’,
637 2209 844 2249 numerum
875 2198 1092 2248 repetitum
1122 2198 1316 2250 expunxit
1345 2201 1529 2240 Welcker
1558 2215 1606 2253 gr
1635 2200 1742 2251 'frag

167 2259 268 2318 (111)
301 2260 454 2312 1290],
490 2258 786 2311 ἐπιγράμματα
822 2259 996 2318 ἔπικὰ*)
1028 2263 1097 2304 καὶ
1134 2264 1438 2317 καταλογάδην
1473 2265 1741 2317 παραινέςεις

168 2330 260 2370 τοῖς
290 2326 459 2378 ’Ἐλληςι
490 2324 558 2367 καὶ
589 2322 700 2366 ἄλλα
731 2326 922 2368 πλεῑςτα.
980 2328 1101 2369 Cuius
1132 2330 1276 2380 indicis
1307 2333 1416 2373 vitae
1442 2333 1668 2373 Thomanae
1699 2333 1739 2371 in

168 2395 320 2435 duobus
351 2393 450 2434 codd
481 2389 552 2448 (U
557 2386 608 2431 I*
609 2387 639 2446 ¹)
669 2394 761 2443 post
792 2396 1024 2434 enumerata
1061 2389 1323 2446 epiniciorum
1360 2411 1506 2450 genera
1544 2399 1739 2437 adiectum

169 2461 283 2511 quasi
319 2460 503 2499 nucleum
541 2459 736 2509 quendam
774 2459 913 2498 habes:
950 2456 1038 2500 ἀπὸ
1077 2458 1124 2500 δὲ
1157 2461 1247 2501 τῶν
1279 2457 1327 2503 ιζ’
1361 2461 1535 2514 βιβλίων
1565 2461 1641 2504 εἰεί
1672 2461 1740 2502 καὶ

169 2524 222 2566 τὰ
260 2524 473 2575 λεγόμενα
509 2521 716 2574 προςόδια
753 2522 820 2564 καὶ
857 2523 1067 2573 παρθένια
1105 2520 1335 2578 (παρθένοι
1372 2523 1511 2583 codd),
1551 2528 1739 2577 παιᾶνες,

169 2589 309 2642 ὕμνοι,
341 2587 634 2642 διθυραμβικά,
665 2587 810 2630 ςκολιὰ
841 2587 909 2629 καὶ
938 2585 1134 2643 ἄλλα.**)

289 2707 323 2754 *)
350 2707 436 2751 ’ἔπη
463 2708 532 2754 ,κΙδ
557 2705 579 2740 h
600 2717 620 2740 c
642 2705 773 2751 viginti
793 2705 971 2749 quattuor
985 2703 1095 2749 ‚milia
1115 2704 1300 2739 vcrsuum’
1329 2704 1467 2751 Bergk,
1489 2708 1614 2744 πάντα
1632 2708 1739 2743 ἑπικὰ

170 2765 246 2800 opp
271 2756 532 2798 καταλογάδην
557 2752 666 2789 Daub
691 2751 858 2788 Flcckcis
878 2751 1054 2797 Supplem
1079 2755 1132 2795 11,
1155 2754 1258 2795 1880,
1278 2755 1358 2789 450.

266 2802 318 2848 **)
344 2799 506 2850 Bergkio
526 2801 556 2847 (⁴
576 2804 645 2837 368
665 2803 702 2847 n)
728 2801 821 2836 hacc
846 2798 1148 2835 insolentioribus
1176 2798 1387 2833 nominibus
1413 2800 1561 2836 omissis
1581 2813 1601 2836 e
1622 2802 1738 2837 Suida

170 2850 307 2885 hausta
332 2858 412 2884 esse
439 2849 670 2884 videbantur.
716 2849 766 2883 At
790 2848 1012 2883 omittuntur
1031 2846 1143 2882 etiam
1160 2846 1347 2894 *vulgm-ia,
1374 2846 1475 2882 velut
1493 2849 1736 2893 ὑπορχήματα

168 2899 311 2942 θρῆνοι.
361 2897 461 2934 Illud
490 2908 561 2932 non
595 2907 683 2931 casu
707 2897 854 2931 >factum
888 2907 967 2930 essu
999 2897 1173 2940 apparot,
1206 2895 1275 2928 hoc
1306 2893 1436 2939 paullo
1461 2894 1655 2930 obscurius
1680 2897 1738 2931 est

169 2943 219 2978 ad
244 2944 548 2988 intellegendum.

1381 3001 1450 3035 25⁸
