2014 3360
191 568 237 601 88

206 2140 251 2172 89

259 188 318 231 40
914 185 1159 222 PmDARvs

260 313 401 352 operae
428 300 603 351 pretium
631 311 711 339 non
741 298 872 348 dun't3
911 299 954 338 ef
980 299 1081 349 quae
1110 298 1160 338 de
1190 294 1393 339 κοινωνία
1418 310 1427 339 :
1453 295 1630 339 ξυνανία
1661 297 1824 339 adnota-

259 367 388 416 vimus
423 365 456 404 P
484 364 507 404 1
539 366 606 405 97.
667 362 926 415 Bacchylides
955 364 1000 403 in
1029 359 1174 404 doricis
1204 363 1407 405 vocabulis
1443 361 1572 405 παντὶ
1601 360 1825 413 καρύξοντι

260 432 352 483 λαῷ
384 425 503 485 (XIII
529 424 647 485 198),
677 426 903 469 πτάεεοντι
933 422 992 483 (V
1017 423 1106 484 22),
1136 429 1179 468 in
1208 429 1440 481 vulgaribus
1468 425 1628 479 ἵεχουει
1658 423 1826 484 (ibidem

263 491 351 551 24),
381 493 534 536 οἰκεῦει
564 489 661 550 (lx)
691 494 849 535 videtur
877 496 1142 545 praeoptasse.

380 559 572 612 ἐνεγκ·,
603 559 776 600 ἐνεικ-.
836 559 949 600 Libri
979 560 1230 600 consentiunt
1258 560 1302 599 in
1331 554 1526 614 ἤνεγκ(ε)
1563 559 1597 601 Ο
1626 559 1728 600 xm
1758 560 1829 611 66,

261 625 563 676 προεενεγκεῑν
594 625 627 665 Ρ
657 625 716 665 IX
748 625 817 676 36,
856 622 1046 673 ἐνεγκών
1075 625 1097 664 I
1127 624 1229 664 vm
1260 626 1335 675 21,
1372 626 1471 665 item
1500 626 1543 665 in
1579 619 1754 680 ἔνεικ(ε)
1793 624 1842 666 Ο4

261 692 303 731 Π
337 693 403 742 79,
438 691 497 731 IX
529 693 602 742 59,
643 684 947 745 (ἀ)πένεικ(εν)
982 689 1016 729 Ρ
1046 690 1085 728 V
1117 692 1186 741 59,
1222 688 1380 730 ἐνεῖκαι
1410 690 1469 730 IX
1501 691 1569 741 53,
1605 690 1831 742 discrepant

262 757 413 797 duobus
437 757 553 797 locis:
585 753 733 805 ἔνεγκε
756 756 809 806 Ε,
840 751 1002 795 ἔνεικεν
1026 754 1232 796 ABGDN
1235 756 1271 796 V
1293 755 1326 796 Ο
1345 755 1408 795 ΙΠ
1428 757 1497 807 14,
1522 753 1668 804 ἔνεγκε
1693 755 1831 806 BDE,

263 820 397 863 ἔνεικε
418 822 457 863 V
481 821 514 861 P
539 821 597 861 lx
622 822 667 872 63
697 820 802 860 unde
831 821 875 860 in
905 820 1119 872 archetypo
1150 822 1232 861 iam
1261 821 1360 861 duas
1389 822 1512 862 fuisse
1542 822 1654 862 verbi
1681 822 1830 862 formas

264 888 438 940 colligas.
494 886 671 934 Quarum
700 899 791 927 cum
820 886 988 926 alteram
1017 888 1149 926 utram
1179 888 1250 926 uni
1281 887 1401 927 alicui
1430 886 1600 944 dialecto
1629 886 1831 928 vindicare

264 953 362 993 adeo
403 966 484 993 non
525 953 662 1003 liceat,
705 954 752 992 ut
794 953 1015 1004 antiquitus
1054 951 1233 993 diversae
1269 953 1391 993 fuisse
1433 952 1586 993 radices
1621 952 1834 993 videantur

265 1012 515 1072 (Brugmann
545 1017 694 1070 indogg
723 1017 871 1058 Forsoh
895 1017 917 1056 1
943 1018 1071 1068 1892,
1097 1013 1214 1073 174),
1244 1018 1461 1058 Pindarum
1491 1019 1562 1057 aut
1591 1030 1640 1058 ex
1668 1016 1834 1058 libidine

264 1083 382 1124 modo
410 1083 514 1124 hanc
542 1083 660 1124 modo
690 1083 805 1122 illam
831 1083 1003 1124 formam
1031 1085 1286 1135 praeoptasse
1317 1083 1609 1134 arbitrabimur,
1644 1083 1756 1123 velut
1789 1083 1834 1122 in

265 1162 345 1189 uno
376 1148 590 1200 eodemque
620 1161 701 1189 non
731 1149 860 1189 solum
890 1149 1080 1199 carmine,
1119 1161 1258 1189 verum
1287 1150 1330 1189 in
1367 1148 1505 1190 eadem
1541 1149 1835 1189 etiam‘wrms

267 1214 357 1255 sede
389 1213 494 1264 χέρα
525 1211 566 1254 οἱ
596 1214 898 1264 προεενεγκεῖν
930 1215 970 1254 et
1001 1212 1098 1254 ποτὶ
1128 1214 1268 1255 κᾶπον
1299 1212 1473 1265 ἐνεῖκαι,
1508 1216 1580 1254 aut
1609 1215 1836 1255 constanter
1883 1215 1889 1220 ’

268 1293 356 1320 eam
384 1280 554 1320 formam
583 1291 807 1331 usurpasse,
839 1292 939 1331 quae
971 1280 1240 1331 antiquiorum
1267 1281 1476 1332 poetarum
1505 1292 1580 1320 usu
1609 1281 1724 1330 quasi
1747 1292 1836 1320 san-

270 1347 350 1385 cita
386 1358 470 1385 esse
506 1345 720 1395 videretur,
757 1343 906 1395 ἐνεικ-,
944 1357 1045 1396 quae
1075 1357 1155 1385 non
1185 1346 1386 1398 epicorum
1414 1346 1577 1398 propria
1607 1346 1669 1385 est
1699 1346 1836 1397 poeta-

268 1424 370 1460 rum,
398 1423 538 1451 verum
567 1411 690 1450 etiam
720 1423 768 1451 ex
791 1409 939 1452 Alcaeo
969 1411 1157 1451 laudatur
1181 1425 1231 1463 ap
1255 1411 1340 1451 Ath
1363 1411 1400 1451 X
1424 1412 1531 1451 430⁰
1561 1405 1705 1464 (οἶνον
1728 1408 1836 1450 ἔνει-

270 1475 468 1524 καμένοιε
499 1469 737 1530 μεθύεθην).
798 1476 994 1529 Bergkius
1026 1476 1185 1528 quidem
1214 1477 1367 1518 duobus
1396 1477 1494 1517 locis
1523 1475 1723 1515 boeoticas
1758 1475 1838 1515 for-

269 1554 355 1582 mas
391 1535 573 1596 (Herodn
602 1540 645 1579 Π
676 1542 775 1592 374,
807 1543 881 1593 21;
917 1542 995 1582 ΕΜ
1026 1544 1124 1594 691,
1150 1544 1218 1582 24.
1250 1544 1350 1593 431,
1380 1537 1459 1597 43)
1495 1540 1668 1580 Pindaro
1705 1539 1838 1580 obn-u-

271 1606 390 1647 debat
418 1606 530 1659 nullo
561 1605 667 1657 quod
697 1607 820 1647 sciam
854 1608 1058 1660 probante.
1118 1608 1214 1648 Fuit
1250 1609 1389 1658 etiam,
1429 1607 1499 1658 qui
1538 1605 1664 1646 dorici
1697 1607 1840 1657 poetae

272 1684 356 1712 esse
386 1671 545 1712 doceret
574 1669 762 1722 ἐνέγκαι,
798 1673 980 1715 librarios
1012 1676 1146 1715 autem
1174 1675 1222 1714 ut
1258 1672 1308 1713 ad
1337 1672 1550 1712 Homerica
1583 1671 1840 1722 procliviores

271 1736 446 1777 Pindaro
475 1737 625 1788 passim
654 1738 871 1788 imputasse
896 1737 1071 1787 ἐνεῖκαι;
1106 1738 1211 1791 quod
1243 1751 1312 1778 cur
1336 1737 1464 1778 eidem
1487 1737 1530 1776 in
1555 1736 1688 1776 atticis
1710 1737 1840 1787 poetis

274 1814 354 1843 non
383 1802 561 1851 fecerint,
591 1804 637 1842 ut
666 1803 880 1845 scriberent
909 1818 936 1845 v
966 1818 988 1845 o
1018 1818 1068 1857 ap
1101 1803 1210 1856 Soph
1239 1801 1386 1854 ἤνεικα
1417 1798 1647 1851 κάξέεωεα,
1677 1801 1840 1842 difficile

275 1868 352 1907 erit
381 1867 500 1907 dictu.
555 1867 728 1909 Facilius
759 1869 942 1921 equidem
973 1871 1105 1911 atticis
1135 1869 1309 1909 librariis
1335 1881 1385 1919 ap
1409 1866 1513 1906 Pind
1536 1866 1670 1907 deberi
1695 1864 1839 1916 ἐνεγκ-

274 1945 347 1985 pro
377 1930 508 1973 ἑνεικ-
538 1933 638 1973 mihi
666 1934 943 1985 persuaderem
982 1930 1049 1990 (ut
1081 1933 1308 1982 ἐνεγκέμεν
1343 1945 1417 1984 pro
1452 1929 1667 1982 ἐνεικέμεν
1703 1933 1764 1973 est
1798 1933 1842 1972 in

276 1997 511 2049 quibusdam
546 1998 658 2040 libris
688 1997 722 2040 Τ
749 1995 873 2056 194),
915 2002 951 2042 si
985 1999 1103 2040 modo
1138 2000 1280 2051 poetae
1317 2009 1536 2038 sermonem
1573 1996 1624 2038 ad
1654 1998 1843 2038 amussim

274 2062 451 2116 redigere
482 2064 658 2104 animum
686 2065 871 2106 inducere
899 2078 1067 2118 possem.

394 2128 711 2182 Augmentum
747 2131 983 2182 syllabicum
1020 2142 1230 2182 perperam
1267 2141 1356 2169 om:
1386 2124 1528 2169 πάθον
1572 2127 1606 2169 Ο
1635 2127 1679 2168 11
1711 2129 1765 2169 23
1788 2126 1844 2180 A,

278 2190 414 2244 εφάλε
447 2194 500 2233 81
529 2192 568 2233 A
597 2188 655 2249 (cl
684 2195 717 2235 P
741 2195 843 2235 vm
869 2197 938 2246 15,
967 2195 988 2234 Ι
1017 2193 1199 2237 111÷1V
1225 2188 1315 2249 53),
1344 2191 1528 2245 γέραρεν
1558 2192 1592 2234 Ο
1616 2193 1655 2232 V
1681 2193 1706 2234 5
1733 2193 1844 2245 Vatt,

278 2255 474 2309 δώρηεαν
505 2258 564 2298 VI
595 2261 650 2299 78
682 2273 817 2301 omnes
849 2262 1009 2312 praeter
1037 2258 1096 2312 A,
1135 2256 1334 2300 κέλευεεν
1363 2257 1444 2298 VH
1475 2259 1532 2299 64
1569 2257 1697 2299 eidem
1733 2258 1845 2311 codd,

278 2322 373 2364 τέκε
397 2318 478 2363 Vn
503 2325 558 2364 74
583 2319 651 2380 (ex
678 2320 767 2381 71),
792 2323 959 2375 πράθον
983 2324 1006 2364 I
1022 2323 1061 2363 V
1081 2325 1157 2375 363
1185 2323 1289 2365 falso
1313 2323 1408 2365 add:
1438 2320 1580 2375 ἐφάνη
1611 2323 1646 2365 O
1669 2323 1692 2363 I
1717 2325 1773 2364 74
1791 2323 1845 2376 A,

280 2387 518 2439 ἐφθέγξατο
548 2389 608 2430 VI
634 2392 690 2430 14
714 2389 773 2441 A,
811 2387 989 2431 ἐδέξατο
1025 2389 1058 2428 Ρ
1089 2388 1148 2428 IV
1174 2390 1231 2430 70
1261 2402 1414 2441 omnes,
1448 2386 1679 2438 ἑγίνωεκον
1710 2391 1765 2432 86
1790 2390 1846 2442 Β,

280 2451 469 2505 ἔπεφνεν
507 2455 566 2496 XI
603 2457 672 2506 37,
714 2452 897 2496 ἐπίαναν
935 2455 976 2494 N
1010 2454 1068 2495 IX
1106 2456 1180 2506 23,
1222 2452 1345 2505 ἔθηκε
1381 2455 1418 2496 X
1447 2456 1523 2507 48,
1566 2451 1738 2498 ἔεταξεν
1776 2457 1844 2496 82.

279 2519 441 2560 Retinui
475 2517 570 2561 τότ’
607 2517 752 2561 ἔειπεν
788 2533 811 2560 e
845 2519 992 2560 Ambrr
1023 2519 1057 2560 P
1087 2520 1150 2560 ΙΠ
1179 2521 1250 2572 40,
1291 2522 1339 2561 ut
1374 2516 1446 2570 ἄρ’
1476 2517 1621 2562 ἔειπεν
1656 2521 1716 2561 IV
1748 2522 1846 2573 156,

281 2581 478 2627 ἀνέειπεν
518 2586 557 2626 Χ
594 2587 618 2626 9
664 2585 717 2625 cll
759 2584 793 2626 Ο
828 2584 888 2624 IV
926 2586 1000 2636 21,
1047 2585 1081 2625 Ρ
1117 2585 1176 2625 IV
1212 2587 1317 2637 229,
1363 2586 1404 2626 N
1438 2586 1497 2627 IX
1534 2587 1602 2627 33.
1675 2586 1724 2627 In
1764 2599 1845 2627 uno

283 2655 495 2708 eodemque
527 2656 700 2696 carmine
729 2655 764 2697 Ο
794 2655 858 2696 ΠΙ
888 2657 956 2696 23.
988 2657 1043 2697 32
1082 2670 1152 2697 cur
1181 2647 1351 2707 δένδρέ’
1380 2642 1563 2698 ἔθαλλεν
1599 2659 1640 2698 et
1669 2647 1849 2707 δένδρέἅ

284 2717 486 2771 Θάμβαινε
515 2723 635 2772 poeta
666 2720 810 2762 dixisse
839 2722 1022 2762 videatur
1050 2736 1193 2774 parum
1219 2723 1347 2774 liquet
1375 2716 1461 2776 (vel
1484 2718 1731 2773 ‘diligentius
1756 2733 1846 2762 con-

284 2782 502 2836 sideranti',
536 2785 740 2826 Hermann
771 2800 822 2839 ap
852 2787 970 2840 Heyn
1003 2783 1156 2843 1817):
1198 2785 1425 2837 ἔθάμβαινε
1457 2787 1624 2837 correxi,
1659 2788 1707 2826 ut
1735 2787 1846 2827 nullo

284 2864 363 2891 non
386 2851 580 2903 probante
604 2848 810 2903 ἐθάμβηεε
829 2852 958 2893 Aesch
976 2853 1095 2905 suppl
1115 2854 1202 2893 570
1220 2846 1277 2891 D⁵
1294 2851 1512 2902 Turnebus,
1534 2852 1633 2892 item
1653 2845 1848 2907 (Bergkio

286 2916 445 2967 quidem
474 2912 655 2972 excepto)
686 2914 881 2958 ἐκαίοντο
910 2917 1015 2957 Pind
1043 2918 1084 2958 N
1106 2917 1144 2957 X
1170 2917 1224 2957 72
1256 2916 1425 2958 Boeekh.
