<?xml version="1.0" encoding="UTF-8"?>
<!DOCTYPE html PUBLIC "-//W3C//DTD XHTML 1.0 Transitional//EN"
    "http://www.w3.org/TR/xhtml1/DTD/xhtml1-transitional.dtd">
<html xmlns="http://www.w3.org/1999/xhtml" xml:lang="en" lang="en">
 <head>
  <title>
</title>
<meta http-equiv="Content-Type" content="text/html;charset=utf-8" />
  <meta name='ocr-system' content='tesseract 3.04.00' />
  <meta name='ocr-capabilities' content='ocr_page ocr_carea ocr_par ocr_line ocrx_word'/>
</head>
<body>
  <div class='ocr_page' id='page_1' title='image "./pt1poetaelyricig01berguoft_0490.png"; bbox 0 0 2014 3360; ppageno 0'>
   <div class='ocr_carea' id='block_1_1' title="bbox 275 195 1335 251">
    <p class='ocr_par' dir='ltr' id='par_1_1' title="bbox 275 195 1335 251">
     <span class='ocr_line' id='line_1_1' title="bbox 275 195 1335 251; baseline 0.002 -9"><span class='ocrx_word' id='word_1_1' title='bbox 275 208 364 251; x_wconf 82' lang='lat'><strong>482</strong></span> <span class='ocrx_word' id='word_1_2' title='bbox 802 206 1005 244; x_wconf 77' lang='lat' dir='ltr'>PmDAm</span> <span class='ocrx_word' id='word_1_3' title='bbox 1029 195 1335 245; x_wconf 73' lang='lat' dir='ltr'>FRAGMENTA</span> 
     </span>
    </p>
   </div>
   <div class='ocr_carea' id='block_1_2' title="bbox 942 315 1183 376">
    <p class='ocr_par' dir='ltr' id='par_1_2' title="bbox 942 315 1183 376">
     <span class='ocr_line' id='line_1_2' title="bbox 942 315 1183 376; baseline 0 -16"><span class='ocrx_word' id='word_1_4' title='bbox 942 315 1028 360; x_wconf 82' lang='lat'><strong>251</strong></span> <span class='ocrx_word' id='word_1_5' title='bbox 1056 315 1183 376; x_wconf 85' lang='lat'>(139)</span> 
     </span>
    </p>
   </div>
   <div class='ocr_carea' id='block_1_3' title="bbox 271 393 1851 829">
    <p class='ocr_par' dir='ltr' id='par_1_3' title="bbox 271 393 1851 829">
     <span class='ocr_line' id='line_1_3' title="bbox 395 393 1850 445; baseline 0.001 -12"><span class='ocrx_word' id='word_1_6' title='bbox 395 397 484 434; x_wconf 87' lang='lat' dir='ltr'><strong>Serv</strong></span> <span class='ocrx_word' id='word_1_7' title='bbox 508 397 610 445; x_wconf 86' lang='lat' dir='ltr'><strong>Verg</strong></span> <span class='ocrx_word' id='word_1_8' title='bbox 634 397 758 445; x_wconf 83' lang='lat' dir='ltr'><strong>Georg</strong></span> <span class='ocrx_word' id='word_1_9' title='bbox 775 398 792 433; x_wconf 94' lang='lat'>1</span> <span class='ocrx_word' id='word_1_10' title='bbox 813 402 885 434; x_wconf 73' lang='lat'><strong>142&#39;</strong></span> <span class='ocrx_word' id='word_1_11' title='bbox 900 398 1131 435; x_wconf 76' lang='lat' dir='ltr'><strong>‘Aristaeum</strong></span> <span class='ocrx_word' id='word_1_12' title='bbox 1162 399 1332 442; x_wconf 86' lang='lat' dir='ltr'><strong>invocat,</strong></span> <span class='ocrx_word' id='word_1_13' title='bbox 1356 393 1399 433; x_wconf 87' lang='lat' dir='ltr'><strong>id</strong></span> <span class='ocrx_word' id='word_1_14' title='bbox 1422 398 1481 434; x_wconf 84' lang='lat' dir='ltr'><strong>est</strong></span> <span class='ocrx_word' id='word_1_15' title='bbox 1504 397 1692 443; x_wconf 79' lang='lat' dir='ltr'>Apollinis</span> <span class='ocrx_word' id='word_1_16' title='bbox 1716 399 1756 434; x_wconf 86' lang='lat' dir='ltr'><strong>et</strong></span> <span class='ocrx_word' id='word_1_17' title='bbox 1778 397 1850 444; x_wconf 77' lang='lat' dir='ltr'><strong>Gy·-</strong></span> 
     </span>
     <span class='ocr_line' id='line_1_4' title="bbox 274 445 1847 493; baseline 0 -12"><span class='ocrx_word' id='word_1_18' title='bbox 274 456 381 481; x_wconf 86' lang='lat' dir='ltr'><strong>renes</strong></span> <span class='ocrx_word' id='word_1_19' title='bbox 406 446 538 489; x_wconf 80' lang='lat' dir='ltr'><strong>filium,</strong></span> <span class='ocrx_word' id='word_1_20' title='bbox 563 456 676 491; x_wconf 86' lang='lat' dir='ltr'><strong>quem</strong></span> <span class='ocrx_word' id='word_1_21' title='bbox 700 445 886 481; x_wconf 81' lang='lat' dir='ltr'>Hesiodus</span> <span class='ocrx_word' id='word_1_22' title='bbox 910 445 960 493; x_wconf 86' lang='lat' dir='ltr'><strong>(fr</strong></span> <span class='ocrx_word' id='word_1_23' title='bbox 979 449 1048 482; x_wconf 86' lang='lat'><strong>150</strong></span> <span class='ocrx_word' id='word_1_24' title='bbox 1072 447 1147 491; x_wconf 79' lang='lat' dir='ltr'><strong>Rz3</strong></span> <span class='ocrx_word' id='word_1_25' title='bbox 1177 445 1218 481; x_wconf 86' lang='lat' dir='ltr'><strong>cf</strong></span> <span class='ocrx_word' id='word_1_26' title='bbox 1238 445 1336 481; x_wconf 89' lang='lat' dir='ltr'><strong>Pind</strong></span> <span class='ocrx_word' id='word_1_27' title='bbox 1360 445 1391 480; x_wconf 91' lang='lat' dir='ltr'>P</span> <span class='ocrx_word' id='word_1_28' title='bbox 1414 445 1465 480; x_wconf 86' lang='lat' dir='ltr'><strong>IX</strong></span> <span class='ocrx_word' id='word_1_29' title='bbox 1478 448 1524 480; x_wconf 79' lang='lat'><strong>64</strong></span> <span class='ocrx_word' id='word_1_30' title='bbox 1533 447 1583 492; x_wconf 86' lang='lat' dir='ltr'><strong>ss)</strong></span> <span class='ocrx_word' id='word_1_31' title='bbox 1613 445 1708 481; x_wconf 85' lang='lat' dir='ltr'><strong>dicit</strong></span> <span class='ocrx_word' id='word_1_32' title='bbox 1731 445 1847 492; x_wconf 86' lang='lat' dir='ltr'><strong>Apol—</strong></span> 
     </span>
     <span class='ocr_line' id='line_1_5' title="bbox 275 493 1848 539; baseline 0 -11"><span class='ocrx_word' id='word_1_33' title='bbox 275 493 392 529; x_wconf 82' lang='lat' dir='ltr'><strong>linem</strong></span> <span class='ocrx_word' id='word_1_34' title='bbox 416 493 655 539; x_wconf 86' lang='lat' dir='ltr'><strong>pastoralem.</strong></span> <span class='ocrx_word' id='word_1_35' title='bbox 707 493 788 538; x_wconf 83' lang='lat' dir='ltr'><strong>ffic,</strong></span> <span class='ocrx_word' id='word_1_36' title='bbox 819 495 863 529; x_wconf 88' lang='lat' dir='ltr'><strong>ut</strong></span> <span class='ocrx_word' id='word_1_37' title='bbox 887 494 1002 530; x_wconf 88' lang='lat' dir='ltr'><strong>etiam</strong></span> <span class='ocrx_word' id='word_1_38' title='bbox 1023 493 1228 529; x_wconf 76' lang='lat' dir='ltr'><strong>Sallustius</strong></span> <span class='ocrx_word' id='word_1_39' title='bbox 1254 493 1381 539; x_wconf 84' lang='lat' dir='ltr'><strong>docet,</strong></span> <span class='ocrx_word' id='word_1_40' title='bbox 1411 495 1499 539; x_wconf 89' lang='lat' dir='ltr'><strong>post</strong></span> <span class='ocrx_word' id='word_1_41' title='bbox 1527 493 1714 529; x_wconf 82' lang='lat' dir='ltr'><strong>laniatum</strong></span> <span class='ocrx_word' id='word_1_42' title='bbox 1738 503 1762 528; x_wconf 86' lang='lat' dir='ltr'><strong>a</strong></span> <span class='ocrx_word' id='word_1_43' title='bbox 1786 503 1848 528; x_wconf 86' lang='lat' dir='ltr'><strong>ca-</strong></span> 
     </span>
     <span class='ocr_line' id='line_1_6' title="bbox 276 540 1850 587; baseline 0 -11"><span class='ocrx_word' id='word_1_44' title='bbox 276 541 389 577; x_wconf 91' lang='lat' dir='ltr'><strong>nibus</strong></span> <span class='ocrx_word' id='word_1_45' title='bbox 420 542 649 577; x_wconf 74' lang='lat' dir='ltr'>Actaeonem</span> <span class='ocrx_word' id='word_1_46' title='bbox 681 541 818 587; x_wconf 83' lang='lat' dir='ltr'><strong>filium,</strong></span> <span class='ocrx_word' id='word_1_47' title='bbox 852 542 984 577; x_wconf 81' lang='lat' dir='ltr'><strong>matris</strong></span> <span class='ocrx_word' id='word_1_48' title='bbox 1019 541 1201 577; x_wconf 88' lang='lat' dir='ltr'><strong>instinctu</strong></span> <span class='ocrx_word' id='word_1_49' title='bbox 1226 540 1375 576; x_wconf 77' lang='lat' dir='ltr'><strong>Thebas</strong></span> <span class='ocrx_word' id='word_1_50' title='bbox 1406 540 1561 586; x_wconf 88' lang='lat' dir='ltr'><strong>reliquit</strong></span> <span class='ocrx_word' id='word_1_51' title='bbox 1591 542 1630 576; x_wconf 88' lang='lat' dir='ltr'><strong>et</strong></span> <span class='ocrx_word' id='word_1_52' title='bbox 1661 541 1769 578; x_wconf 76' lang='lat' dir='ltr'><strong>Oeam</strong></span> <span class='ocrx_word' id='word_1_53' title='bbox 1791 540 1850 576; x_wconf 87' lang='lat' dir='ltr'><strong>iu-</strong></span> 
     </span>
     <span class='ocr_line' id='line_1_7' title="bbox 277 587 1850 635; baseline -0.001 -11"><span class='ocrx_word' id='word_1_54' title='bbox 277 588 399 625; x_wconf 89' lang='lat' dir='ltr'><strong>sulam</strong></span> <span class='ocrx_word' id='word_1_55' title='bbox 424 589 549 625; x_wconf 84' lang='lat' dir='ltr'><strong>tenuit</strong></span> <span class='ocrx_word' id='word_1_56' title='bbox 569 619 575 625; x_wconf 93' lang='lat'><em>.</em></span> <span class='ocrx_word' id='word_1_57' title='bbox 593 619 600 625; x_wconf 90' lang='lat'>.</span> <span class='ocrx_word' id='word_1_58' title='bbox 616 617 624 625; x_wconf 83' lang='lat'><strong>.</strong></span> <span class='ocrx_word' id='word_1_59' title='bbox 643 591 776 635; x_wconf 81' lang='lat' dir='ltr'><strong>postea</strong></span> <span class='ocrx_word' id='word_1_60' title='bbox 801 600 846 625; x_wconf 86' lang='lat' dir='ltr'><strong>ea</strong></span> <span class='ocrx_word' id='word_1_61' title='bbox 869 590 997 626; x_wconf 80' lang='lat' dir='ltr'><strong>relicta</strong></span> <span class='ocrx_word' id='word_1_62' title='bbox 1021 601 1107 625; x_wconf 87' lang='lat' dir='ltr'><strong>cum</strong></span> <span class='ocrx_word' id='word_1_63' title='bbox 1132 588 1302 625; x_wconf 89' lang='lat' dir='ltr'><strong>Daedalo</strong></span> <span class='ocrx_word' id='word_1_64' title='bbox 1334 588 1382 624; x_wconf 85' lang='lat' dir='ltr'><strong>ad</strong></span> <span class='ocrx_word' id='word_1_65' title='bbox 1408 587 1626 625; x_wconf 78' lang='lat' dir='ltr'><strong><em>Sardiniam</em></strong></span> <span class='ocrx_word' id='word_1_66' title='bbox 1650 588 1850 625; x_wconf 73' lang='lat' dir='ltr'><strong>transitum</strong></span> 
     </span>
     <span class='ocr_line' id='line_1_8' title="bbox 275 635 1851 684; baseline 0.001 -14"><span class='ocrx_word' id='word_1_67' title='bbox 275 635 376 673; x_wconf 87' lang='lat' dir='ltr'><strong>feeit.</strong></span> <span class='ocrx_word' id='word_1_68' title='bbox 427 636 526 671; x_wconf 86' lang='lat' dir='ltr'><strong>Huic</strong></span> <span class='ocrx_word' id='word_1_69' title='bbox 551 636 720 682; x_wconf 89' lang='lat' dir='ltr'><strong>opinioni</strong></span> <span class='ocrx_word' id='word_1_70' title='bbox 746 637 931 672; x_wconf 72' lang='lat' dir='ltr'><strong>Pindarus</strong></span> <span class='ocrx_word' id='word_1_71' title='bbox 956 637 1187 684; x_wconf 74' lang='lat' dir='ltr'><strong>refragatur,</strong></span> <span class='ocrx_word' id='word_1_72' title='bbox 1217 636 1283 681; x_wconf 86' lang='lat' dir='ltr'><strong>qui</strong></span> <span class='ocrx_word' id='word_1_73' title='bbox 1309 647 1394 671; x_wconf 91' lang='lat' dir='ltr'><strong>eum</strong></span> <span class='ocrx_word' id='word_1_74' title='bbox 1420 636 1476 671; x_wconf 86' lang='lat' dir='ltr'><strong>ait</strong></span> <span class='ocrx_word' id='word_1_75' title='bbox 1500 636 1544 672; x_wconf 80' lang='lat' dir='ltr'><strong>de</strong></span> <span class='ocrx_word' id='word_1_76' title='bbox 1570 637 1642 672; x_wconf 82' lang='lat' dir='ltr'><strong>Oea</strong></span> <span class='ocrx_word' id='word_1_77' title='bbox 1665 637 1709 671; x_wconf 79' lang='lat' dir='ltr'><strong>in</strong></span> <span class='ocrx_word' id='word_1_78' title='bbox 1732 637 1851 672; x_wconf 76' lang='lat' dir='ltr'><strong>Area-</strong></span> 
     </span>
     <span class='ocr_line' id='line_1_9' title="bbox 272 682 1848 731; baseline -0.001 -11"><span class='ocrx_word' id='word_1_79' title='bbox 272 685 376 720; x_wconf 79' lang='lat' dir='ltr'><strong>diam</strong></span> <span class='ocrx_word' id='word_1_80' title='bbox 397 685 575 731; x_wconf 64' lang='lat' dir='ltr'><strong>mim-asse</strong></span> <span class='ocrx_word' id='word_1_81' title='bbox 599 684 721 730; x_wconf 74' lang='lat' dir='ltr'><strong>ibique</strong></span> <span class='ocrx_word' id='word_1_82' title='bbox 744 686 858 722; x_wconf 80' lang='lat' dir='ltr'><strong>vitam</strong></span> <span class='ocrx_word' id='word_1_83' title='bbox 880 686 1042 722; x_wconf 77' lang='lat' dir='ltr'><strong>coluisse.</strong></span> <span class='ocrx_word' id='word_1_84' title='bbox 1085 684 1184 720; x_wconf 86' lang='lat' dir='ltr'><strong>Nam</strong></span> <span class='ocrx_word' id='word_1_85' title='bbox 1205 685 1306 730; x_wconf 84' lang='lat' dir='ltr'><strong>apud</strong></span> <span class='ocrx_word' id='word_1_86' title='bbox 1325 684 1490 719; x_wconf 84' lang='lat' dir='ltr'><strong>Arcades</strong></span> <span class='ocrx_word' id='word_1_87' title='bbox 1509 694 1577 729; x_wconf 90' lang='lat' dir='ltr'><strong>pro</strong></span> <span class='ocrx_word' id='word_1_88' title='bbox 1596 683 1682 719; x_wconf 88' lang='lat' dir='ltr'><strong>Iove</strong></span> <span class='ocrx_word' id='word_1_89' title='bbox 1701 682 1848 728; x_wconf 81' lang='lat' dir='ltr'><strong>colitur,</strong></span> 
     </span>
     <span class='ocr_line' id='line_1_10' title="bbox 272 730 1849 779; baseline -0.001 -13"><span class='ocrx_word' id='word_1_90' title='bbox 272 731 374 776; x_wconf 87' lang='lat' dir='ltr'><strong>quod</strong></span> <span class='ocrx_word' id='word_1_91' title='bbox 398 732 542 777; x_wconf 82' lang='lat' dir='ltr'><strong>primus</strong></span> <span class='ocrx_word' id='word_1_92' title='bbox 568 732 776 769; x_wconf 84' lang='lat' dir='ltr'><strong>ostenderit</strong></span> <span class='ocrx_word' id='word_1_93' title='bbox 805 732 969 778; x_wconf 74' lang='lat' dir='ltr'><strong>qualiter</strong></span> <span class='ocrx_word' id='word_1_94' title='bbox 993 743 1083 779; x_wconf 85' lang='lat' dir='ltr'><strong>apes</strong></span> <span class='ocrx_word' id='word_1_95' title='bbox 1116 731 1280 768; x_wconf 83' lang='lat' dir='ltr'><strong>debeant</strong></span> <span class='ocrx_word' id='word_1_96' title='bbox 1304 731 1498 777; x_wconf 71' lang='lat' dir='ltr'><strong>reparari’</strong></span> <span class='ocrx_word' id='word_1_97' title='bbox 1548 730 1653 768; x_wconf 86' lang='lat' dir='ltr'><strong>Haec</strong></span> <span class='ocrx_word' id='word_1_98' title='bbox 1679 741 1725 766; x_wconf 87' lang='lat' dir='ltr'><strong>ex</strong></span> <span class='ocrx_word' id='word_1_99' title='bbox 1750 740 1849 766; x_wconf 89' lang='lat' dir='ltr'><strong>com-</strong></span> 
     </span>
     <span class='ocr_line' id='line_1_11' title="bbox 271 777 1849 829; baseline 0 -15"><span class='ocrx_word' id='word_1_100' title='bbox 271 779 467 815; x_wconf 84' lang='lat' dir='ltr'><strong>mentariis</strong></span> <span class='ocrx_word' id='word_1_101' title='bbox 494 779 542 815; x_wconf 85' lang='lat' dir='ltr'><strong>ad</strong></span> <span class='ocrx_word' id='word_1_102' title='bbox 569 779 600 815; x_wconf 92' lang='lat' dir='ltr'>P</span> <span class='ocrx_word' id='word_1_103' title='bbox 619 779 668 815; x_wconf 92' lang='lat' dir='ltr'><strong>IX</strong></span> <span class='ocrx_word' id='word_1_104' title='bbox 690 784 734 815; x_wconf 83' lang='lat'><strong>64</strong></span> <span class='ocrx_word' id='word_1_105' title='bbox 754 782 864 829; x_wconf 84' lang='lat'>(113),</span> <span class='ocrx_word' id='word_1_106' title='bbox 890 780 1097 827; x_wconf 81' lang='lat' dir='ltr'><strong>deperditis</strong></span> <span class='ocrx_word' id='word_1_107' title='bbox 1123 780 1246 823; x_wconf 80' lang='lat' dir='ltr'><strong>credo,</strong></span> <span class='ocrx_word' id='word_1_108' title='bbox 1271 780 1409 815; x_wconf 86' lang='lat' dir='ltr'><strong>hausta.</strong></span> <span class='ocrx_word' id='word_1_109' title='bbox 1433 790 1514 814; x_wconf 87' lang='lat' dir='ltr'><strong>esse</strong></span> <span class='ocrx_word' id='word_1_110' title='bbox 1533 778 1658 825; x_wconf 83' lang='lat' dir='ltr'><strong>Bergk</strong></span> <span class='ocrx_word' id='word_1_111' title='bbox 1677 777 1849 817; x_wconf 70' lang='lat' dir='ltr'><strong>coniecit.</strong></span> 
     </span>
    </p>
   </div>
   <div class='ocr_carea' id='block_1_4' title="bbox 940 901 1183 960">
    <p class='ocr_par' dir='ltr' id='par_1_4' title="bbox 940 901 1183 960">
     <span class='ocr_line' id='line_1_12' title="bbox 940 901 1183 960; baseline 0 -15"><span class='ocrx_word' id='word_1_112' title='bbox 940 901 1028 946; x_wconf 84' lang='lat'><strong>252</strong></span> <span class='ocrx_word' id='word_1_113' title='bbox 1055 901 1183 960; x_wconf 82' lang='lat'>(145)</span> 
     </span>
    </p>
   </div>
   <div class='ocr_carea' id='block_1_5' title="bbox 270 981 1851 1746">
    <p class='ocr_par' dir='ltr' id='par_1_5' title="bbox 270 981 1851 1746">
     <span class='ocr_line' id='line_1_13' title="bbox 367 981 1848 1031; baseline -0.001 -13"><span class='ocrx_word' id='word_1_114' title='bbox 367 983 456 1019; x_wconf 88' lang='lat' dir='ltr'><strong>Plut</strong></span> <span class='ocrx_word' id='word_1_115' title='bbox 475 983 546 1030; x_wconf 88' lang='lat' dir='ltr'><strong>(‘in</strong></span> <span class='ocrx_word' id='word_1_116' title='bbox 570 982 667 1019; x_wconf 87' lang='lat' dir='ltr'><strong>libro</strong></span> <span class='ocrx_word' id='word_1_117' title='bbox 692 983 833 1030; x_wconf 88' lang='lat' dir='ltr'><strong>spurio’</strong></span> <span class='ocrx_word' id='word_1_118' title='bbox 861 983 1000 1031; x_wconf 85' lang='lat' dir='ltr'><strong>Christ)</strong></span> <span class='ocrx_word' id='word_1_119' title='bbox 1025 996 1077 1030; x_wconf 91' lang='lat' dir='ltr'><strong>qu</strong></span> <span class='ocrx_word' id='word_1_120' title='bbox 1100 985 1188 1020; x_wconf 83' lang='lat' dir='ltr'><strong>natt</strong></span> <span class='ocrx_word' id='word_1_121' title='bbox 1211 995 1231 1019; x_wconf 91' lang='lat' dir='ltr'><strong>c</strong></span> <span class='ocrx_word' id='word_1_122' title='bbox 1246 986 1296 1025; x_wconf 57' lang='lat'><strong>,36</strong></span> <span class='ocrx_word' id='word_1_123' title='bbox 1310 983 1425 1029; x_wconf 86' lang='lat' dir='ltr'><strong>(Apes</strong></span> <span class='ocrx_word' id='word_1_124' title='bbox 1451 981 1583 1018; x_wconf 79' lang='lat' dir='ltr'><strong>aculeo</strong></span> <span class='ocrx_word' id='word_1_125' title='bbox 1608 981 1649 1017; x_wconf 86' lang='lat' dir='ltr'><strong>in</strong></span> <span class='ocrx_word' id='word_1_126' title='bbox 1673 981 1848 1017; x_wconf 86' lang='lat' dir='ltr'><strong>moechos</strong></span> 
     </span>
     <span class='ocr_line' id='line_1_14' title="bbox 273 1028 1849 1079; baseline -0.002 -12"><span class='ocrx_word' id='word_1_127' title='bbox 273 1031 459 1078; x_wconf 86' lang='lat' dir='ltr'><strong>saeviunt)</strong></span> <span class='ocrx_word' id='word_1_128' title='bbox 497 1042 542 1067; x_wconf 89' lang='lat' dir='ltr'><strong>ex</strong></span> <span class='ocrx_word' id='word_1_129' title='bbox 579 1031 826 1067; x_wconf 86' lang='lat' dir='ltr'><strong>translatione</strong></span> <span class='ocrx_word' id='word_1_130' title='bbox 864 1031 1040 1078; x_wconf 81' lang='lat' dir='ltr'><strong>Gysberti</strong></span> <span class='ocrx_word' id='word_1_131' title='bbox 1076 1031 1251 1078; x_wconf 85' lang='lat' dir='ltr'><strong>Longolii</strong></span> <span class='ocrx_word' id='word_1_132' title='bbox 1282 1030 1369 1079; x_wconf 90' lang='lat' dir='ltr'><strong>(Par</strong></span> <span class='ocrx_word' id='word_1_133' title='bbox 1396 1028 1603 1075; x_wconf 85' lang='lat' dir='ltr'><strong>MDLXIII)</strong></span> <span class='ocrx_word' id='word_1_134' title='bbox 1637 1029 1703 1074; x_wconf 82' lang='lat' dir='ltr'><strong>qui</strong></span> <span class='ocrx_word' id='word_1_135' title='bbox 1733 1039 1755 1064; x_wconf 85' lang='lat' dir='ltr'><strong>e</strong></span> <span class='ocrx_word' id='word_1_136' title='bbox 1779 1028 1849 1065; x_wconf 87' lang='lat' dir='ltr'><strong>cod</strong></span> 
     </span>
     <span class='ocr_line' id='line_1_15' title="bbox 272 1077 1850 1124; baseline -0.001 -10"><span class='ocrx_word' id='word_1_137' title='bbox 272 1078 438 1124; x_wconf 84' lang='lat' dir='ltr'><strong>quodam</strong></span> <span class='ocrx_word' id='word_1_138' title='bbox 451 1078 726 1115; x_wconf 74' lang='lat' dir='ltr'><strong>Mediolanensi</strong></span> <span class='ocrx_word' id='word_1_139' title='bbox 745 1090 784 1115; x_wconf 90' lang='lat' dir='ltr'><strong>se</strong></span> <span class='ocrx_word' id='word_1_140' title='bbox 801 1079 972 1116; x_wconf 81' lang='lat' dir='ltr'><strong>hausisse</strong></span> <span class='ocrx_word' id='word_1_141' title='bbox 992 1079 1204 1116; x_wconf 82' lang='lat' dir='ltr'><strong>confirmat:</strong></span> <span class='ocrx_word' id='word_1_142' title='bbox 1227 1078 1292 1114; x_wconf 79' lang='lat' dir='ltr'><strong>‘Et</strong></span> <span class='ocrx_word' id='word_1_143' title='bbox 1303 1077 1489 1114; x_wconf 77' lang='lat' dir='ltr'><strong>Pindarus</strong></span> <span class='ocrx_word' id='word_1_144' title='bbox 1500 1077 1665 1124; x_wconf 78' lang='lat' dir='ltr'><strong>parvula</strong></span> <span class='ocrx_word' id='word_1_145' title='bbox 1680 1077 1850 1122; x_wconf 76' lang='lat' dir='ltr'><strong>favorum</strong></span> 
     </span>
     <span class='ocr_line' id='line_1_16' title="bbox 271 1124 1851 1175; baseline -0.001 -13"><span class='ocrx_word' id='word_1_146' title='bbox 271 1127 497 1174; x_wconf 75' lang='lat' dir='ltr'><strong>fabricatrix</strong></span> <span class='ocrx_word' id='word_1_147' title='bbox 532 1138 626 1173; x_wconf 78' lang='lat' dir='ltr'><strong>quae</strong></span> <span class='ocrx_word' id='word_1_148' title='bbox 663 1127 846 1164; x_wconf 78' lang='lat' dir='ltr'><strong>Rhoecum</strong></span> <span class='ocrx_word' id='word_1_149' title='bbox 877 1128 1073 1175; x_wconf 74' lang='lat' dir='ltr'><strong>pupuqisti</strong></span> <span class='ocrx_word' id='word_1_150' title='bbox 1109 1126 1263 1164; x_wconf 79' lang='lat' dir='ltr'><strong>domam</strong></span> <span class='ocrx_word' id='word_1_151' title='bbox 1298 1126 1404 1162; x_wconf 80' lang='lat' dir='ltr'><strong>illius</strong></span> <span class='ocrx_word' id='word_1_152' title='bbox 1437 1125 1649 1171; x_wconf 73' lang='lat' dir='ltr'><strong>perfidiam’</strong></span> <span class='ocrx_word' id='word_1_153' title='bbox 1672 1154 1680 1161; x_wconf 88' lang='lat'><strong>.</strong></span> <span class='ocrx_word' id='word_1_154' title='bbox 1702 1154 1710 1161; x_wconf 93' lang='lat'><strong>.</strong></span> <span class='ocrx_word' id='word_1_155' title='bbox 1733 1139 1759 1169; x_wconf 86' lang='lat'><strong>.;</strong></span> <span class='ocrx_word' id='word_1_156' title='bbox 1796 1124 1851 1160; x_wconf 88' lang='lat' dir='ltr'><strong>sic</strong></span> 
     </span>
     <span class='ocr_line' id='line_1_17' title="bbox 271 1171 1850 1222; baseline -0.001 -13"><span class='ocrx_word' id='word_1_157' title='bbox 271 1173 427 1210; x_wconf 72' lang='lat' dir='ltr'><strong>Dx&#39;ibner</strong></span> <span class='ocrx_word' id='word_1_158' title='bbox 451 1174 500 1210; x_wconf 88' lang='lat' dir='ltr'><strong>ed</strong></span> <span class='ocrx_word' id='word_1_159' title='bbox 523 1174 630 1210; x_wconf 83' lang='lat' dir='ltr'><strong>Paris</strong></span> <span class='ocrx_word' id='word_1_160' title='bbox 650 1174 685 1209; x_wconf 92' lang='grc' dir='ltr'><em>Π</em></span> <span class='ocrx_word' id='word_1_161' title='bbox 706 1178 809 1220; x_wconf 81' lang='grc'>1126,</span> <span class='ocrx_word' id='word_1_162' title='bbox 835 1174 946 1211; x_wconf 86' lang='lat' dir='ltr'><strong>aliter</strong></span> <span class='ocrx_word' id='word_1_163' title='bbox 969 1175 1118 1222; x_wconf 81' lang='lat' dir='ltr'><strong>paullo,</strong></span> <span class='ocrx_word' id='word_1_164' title='bbox 1143 1174 1210 1210; x_wconf 89' lang='lat' dir='ltr'><strong>sed</strong></span> <span class='ocrx_word' id='word_1_165' title='bbox 1234 1185 1310 1210; x_wconf 89' lang='lat' dir='ltr'><strong>non</strong></span> <span class='ocrx_word' id='word_1_166' title='bbox 1334 1173 1483 1219; x_wconf 84' lang='lat' dir='ltr'><strong>plenius</strong></span> <span class='ocrx_word' id='word_1_167' title='bbox 1508 1171 1647 1219; x_wconf 81' lang='lat' dir='ltr'><strong>(unde‘?</strong></span> <span class='ocrx_word' id='word_1_168' title='bbox 1671 1171 1850 1219; x_wconf 78' lang='lat' dir='ltr'><strong>nescitur)</strong></span> 
     </span>
     <span class='ocr_line' id='line_1_18' title="bbox 271 1220 1850 1268; baseline -0.001 -12"><span class='ocrx_word' id='word_1_169' title='bbox 271 1220 322 1257; x_wconf 88' lang='lat' dir='ltr'><strong>Er</strong></span> <span class='ocrx_word' id='word_1_170' title='bbox 347 1221 501 1258; x_wconf 86' lang='lat' dir='ltr'><strong>Schmid</strong></span> <span class='ocrx_word' id='word_1_171' title='bbox 525 1233 551 1268; x_wconf 91' lang='lat' dir='ltr'><strong>p</strong></span> <span class='ocrx_word' id='word_1_172' title='bbox 573 1226 652 1258; x_wconf 85' lang='lat'>161.</span> <span class='ocrx_word' id='word_1_173' title='bbox 704 1221 815 1258; x_wconf 83' lang='lat' dir='ltr'><strong>Schol</strong></span> <span class='ocrx_word' id='word_1_174' title='bbox 846 1222 990 1259; x_wconf 75' lang='lat' dir='ltr'><strong>&#39;Hieocr</strong></span> <span class='ocrx_word' id='word_1_175' title='bbox 1007 1223 1060 1258; x_wconf 89' lang='lat'><strong>111</strong></span> <span class='ocrx_word' id='word_1_176' title='bbox 1082 1226 1143 1259; x_wconf 85' lang='lat'><strong>13:</strong></span> <span class='ocrx_word' id='word_1_177' title='bbox 1178 1224 1318 1258; x_wconf 71' lang='grc' dir='ltr'>Ῥοῖκός</span> <span class='ocrx_word' id='word_1_178' title='bbox 1347 1233 1403 1258; x_wconf 76' lang='grc' dir='ltr'><strong>τι(</strong></span> <span class='ocrx_word' id='word_1_179' title='bbox 1434 1220 1577 1258; x_wconf 73' lang='grc' dir='ltr'>Κνίδιοι·</span> <span class='ocrx_word' id='word_1_180' title='bbox 1606 1221 1652 1256; x_wconf 85' lang='grc' dir='ltr'><strong>τὸ</strong></span> <span class='ocrx_word' id='word_1_181' title='bbox 1676 1221 1785 1264; x_wconf 73' lang='grc' dir='ltr'>γένος</span> <span class='ocrx_word' id='word_1_182' title='bbox 1809 1220 1850 1255; x_wconf 81' lang='grc' dir='ltr'>ἐν</span> 
     </span>
     <span class='ocr_line' id='line_1_19' title="bbox 273 1268 1849 1316; baseline -0.002 -11"><span class='ocrx_word' id='word_1_183' title='bbox 273 1270 373 1316; x_wconf 84' lang='grc' dir='ltr'>Νίνῳ</span> <span class='ocrx_word' id='word_1_184' title='bbox 398 1275 445 1316; x_wconf 80' lang='grc' dir='ltr'><strong>τῇ</strong></span> <span class='ocrx_word' id='word_1_185' title='bbox 473 1269 669 1315; x_wconf 77' lang='grc' dir='ltr'>Ἀεευρίων</span> <span class='ocrx_word' id='word_1_186' title='bbox 702 1270 792 1307; x_wconf 83' lang='grc' dir='ltr'>ἰδὼν</span> <span class='ocrx_word' id='word_1_187' title='bbox 823 1272 979 1316; x_wconf 83' lang='grc' dir='ltr'>δένδρον</span> <span class='ocrx_word' id='word_1_188' title='bbox 1010 1272 1149 1316; x_wconf 72' lang='grc' dir='ltr'>εὐφυὲς</span> <span class='ocrx_word' id='word_1_189' title='bbox 1179 1271 1408 1315; x_wconf 85' lang='grc' dir='ltr'>κεκλιμένον,</span> <span class='ocrx_word' id='word_1_190' title='bbox 1439 1269 1514 1305; x_wconf 83' lang='grc' dir='ltr'>ἀπὸ</span> <span class='ocrx_word' id='word_1_191' title='bbox 1539 1268 1584 1304; x_wconf 85' lang='grc' dir='ltr'>δέ</span> <span class='ocrx_word' id='word_1_192' title='bbox 1616 1271 1686 1304; x_wconf 80' lang='grc' dir='ltr'><strong>τοῦ</strong></span> <span class='ocrx_word' id='word_1_193' title='bbox 1710 1268 1849 1312; x_wconf 83' lang='grc' dir='ltr'>χρόνου</span> 
     </span>
     <span class='ocr_line' id='line_1_20' title="bbox 270 1316 1848 1364; baseline -0.002 -10"><span class='ocrx_word' id='word_1_194' title='bbox 270 1317 418 1354; x_wconf 81' lang='grc' dir='ltr'>πίπτειν</span> <span class='ocrx_word' id='word_1_195' title='bbox 444 1318 577 1362; x_wconf 83' lang='grc' dir='ltr'>μέλλον</span> <span class='ocrx_word' id='word_1_196' title='bbox 603 1319 756 1362; x_wconf 85' lang='grc' dir='ltr'>κάμαξιν</span> <span class='ocrx_word' id='word_1_197' title='bbox 781 1319 992 1364; x_wconf 79' lang='grc' dir='ltr'>ἐνετηρίξα(</span> <span class='ocrx_word' id='word_1_198' title='bbox 1016 1320 1076 1355; x_wconf 81' lang='grc' dir='ltr'>ἐπὶ</span> <span class='ocrx_word' id='word_1_199' title='bbox 1099 1319 1215 1355; x_wconf 87' lang='grc' dir='ltr'>πλέον</span> <span class='ocrx_word' id='word_1_200' title='bbox 1241 1319 1363 1362; x_wconf 87' lang='grc' dir='ltr'>μένειν</span> <span class='ocrx_word' id='word_1_201' title='bbox 1387 1316 1568 1361; x_wconf 80' lang='grc' dir='ltr'>ἑποίηεεν.</span> <span class='ocrx_word' id='word_1_202' title='bbox 1605 1317 1636 1360; x_wconf 68' lang='grc' dir='ltr'><strong>ἡ·</strong></span> <span class='ocrx_word' id='word_1_203' title='bbox 1651 1316 1692 1352; x_wconf 86' lang='grc' dir='ltr'><strong>δὲ</strong></span> <span class='ocrx_word' id='word_1_204' title='bbox 1711 1316 1848 1361; x_wconf 85' lang='grc' dir='ltr'>Νύμφη</span> 
     </span>
     <span class='ocr_line' id='line_1_21' title="bbox 275 1364 1849 1413; baseline -0.002 -12"><span class='ocrx_word' id='word_1_205' title='bbox 275 1366 481 1410; x_wconf 79' lang='grc' dir='ltr'>θεαεαμένη</span> <span class='ocrx_word' id='word_1_206' title='bbox 520 1366 627 1410; x_wconf 88' lang='grc' dir='ltr'>χάριν</span> <span class='ocrx_word' id='word_1_207' title='bbox 664 1367 769 1413; x_wconf 83' lang='grc' dir='ltr'>αὐτῷ</span> <span class='ocrx_word' id='word_1_208' title='bbox 807 1367 1061 1411; x_wconf 84' lang='grc' dir='ltr'>ώμολόγη,εεν·</span> <span class='ocrx_word' id='word_1_209' title='bbox 1104 1369 1339 1411; x_wconf 73' lang='grc' dir='ltr'>ἡλικιῶτις</span> <span class='ocrx_word' id='word_1_210' title='bbox 1374 1365 1447 1410; x_wconf 87' lang='grc' dir='ltr'><strong>γὰρ</strong></span> <span class='ocrx_word' id='word_1_211' title='bbox 1488 1365 1575 1409; x_wconf 86' lang='grc' dir='ltr'><strong>ἔφη</strong></span> <span class='ocrx_word' id='word_1_212' title='bbox 1613 1364 1731 1399; x_wconf 84' lang='grc' dir='ltr'>εῖναι</span> <span class='ocrx_word' id='word_1_213' title='bbox 1767 1365 1849 1399; x_wconf 77' lang='grc' dir='ltr'><strong>τοῦ</strong></span> 
     </span>
     <span class='ocr_line' id='line_1_22' title="bbox 274 1410 1850 1460; baseline -0.002 -12"><span class='ocrx_word' id='word_1_214' title='bbox 274 1417 436 1458; x_wconf 83' lang='grc' dir='ltr'>φυτοῦ.</span> <span class='ocrx_word' id='word_1_215' title='bbox 488 1415 548 1448; x_wconf 75' lang='grc' dir='ltr'>καί</span> <span class='ocrx_word' id='word_1_216' title='bbox 573 1413 759 1450; x_wconf 76' lang='grc' dir='ltr'>ἐκέλευεεν</span> <span class='ocrx_word' id='word_1_217' title='bbox 785 1415 912 1460; x_wconf 84' lang='grc' dir='ltr'>αὐτόν,</span> <span class='ocrx_word' id='word_1_218' title='bbox 937 1415 970 1450; x_wconf 75' lang='grc' dir='ltr'>εἷ</span> <span class='ocrx_word' id='word_1_219' title='bbox 991 1426 1028 1451; x_wconf 85' lang='grc' dir='ltr'><strong>τι</strong></span> <span class='ocrx_word' id='word_1_220' title='bbox 1054 1415 1100 1450; x_wconf 89' lang='grc' dir='ltr'>ἂν</span> <span class='ocrx_word' id='word_1_221' title='bbox 1126 1415 1245 1460; x_wconf 83' lang='grc' dir='ltr'>ἐθέλῃ,</span> <span class='ocrx_word' id='word_1_222' title='bbox 1272 1413 1399 1449; x_wconf 75' lang='grc' dir='ltr'>αἰτεῖν.</span> <span class='ocrx_word' id='word_1_223' title='bbox 1449 1413 1471 1447; x_wconf 88' lang='grc' dir='ltr'>ὁ</span> <span class='ocrx_word' id='word_1_224' title='bbox 1497 1412 1538 1447; x_wconf 84' lang='grc' dir='ltr'><strong>δὲ</strong></span> <span class='ocrx_word' id='word_1_225' title='bbox 1561 1413 1633 1455; x_wconf 85' lang='grc' dir='ltr'>τὴν</span> <span class='ocrx_word' id='word_1_226' title='bbox 1658 1410 1850 1446; x_wconf 80' lang='grc' dir='ltr'>(υνουείαν</span> 
     </span>
     <span class='ocr_line' id='line_1_23' title="bbox 274 1458 1848 1507; baseline -0.001 -11"><span class='ocrx_word' id='word_1_227' title='bbox 274 1461 392 1505; x_wconf 72' lang='grc' dir='ltr'>αὐτῆς</span> <span class='ocrx_word' id='word_1_228' title='bbox 421 1462 598 1507; x_wconf 78' lang='grc' dir='ltr'>ᾑτήεατο.</span> <span class='ocrx_word' id='word_1_229' title='bbox 649 1462 723 1506; x_wconf 87' lang='grc' dir='ltr'><strong>ἔφη</strong></span> <span class='ocrx_word' id='word_1_230' title='bbox 757 1462 797 1497; x_wconf 86' lang='grc' dir='ltr'><strong>δὲ</strong></span> <span class='ocrx_word' id='word_1_231' title='bbox 829 1463 924 1506; x_wconf 83' lang='grc' dir='ltr'>αὐτὴ</span> <span class='ocrx_word' id='word_1_232' title='bbox 957 1463 1015 1498; x_wconf 66' lang='grc' dir='ltr'><strong>ὅτι</strong></span> <span class='ocrx_word' id='word_1_233' title='bbox 1044 1463 1114 1498; x_wconf 86' lang='grc' dir='ltr'>τὸν</span> <span class='ocrx_word' id='word_1_234' title='bbox 1144 1462 1275 1505; x_wconf 88' lang='grc' dir='ltr'>καιρὸν</span> <span class='ocrx_word' id='word_1_235' title='bbox 1306 1462 1388 1507; x_wconf 70' lang='grc' dir='ltr'>(τῆς</span> <span class='ocrx_word' id='word_1_236' title='bbox 1417 1459 1562 1506; x_wconf 69' lang='grc' dir='ltr'>μίξεως)</span> <span class='ocrx_word' id='word_1_237' title='bbox 1593 1458 1848 1503; x_wconf 67' lang='grc' dir='ltr'>ἀφικνουμένη</span> 
     </span>
     <span class='ocr_line' id='line_1_24' title="bbox 271 1505 1849 1556; baseline -0.002 -13"><span class='ocrx_word' id='word_1_238' title='bbox 271 1519 327 1543; x_wconf 79' lang='grc' dir='ltr'><strong>(οι</strong></span> <span class='ocrx_word' id='word_1_239' title='bbox 365 1509 508 1552; x_wconf 65' lang='grc' dir='ltr'>μέλειεεα</span> <span class='ocrx_word' id='word_1_240' title='bbox 545 1509 630 1552; x_wconf 81' lang='grc' dir='ltr'>ἐρεῖ.</span> <span class='ocrx_word' id='word_1_241' title='bbox 694 1508 806 1544; x_wconf 85' lang='lat' dir='ltr'><strong>schol</strong></span> <span class='ocrx_word' id='word_1_242' title='bbox 842 1509 956 1555; x_wconf 85' lang='lat' dir='ltr'><strong>Apoll</strong></span> <span class='ocrx_word' id='word_1_243' title='bbox 992 1509 1052 1545; x_wconf 84' lang='lat' dir='ltr'><strong>Rh</strong></span> <span class='ocrx_word' id='word_1_244' title='bbox 1083 1508 1117 1544; x_wconf 88' lang='lat' dir='ltr'>H</span> <span class='ocrx_word' id='word_1_245' title='bbox 1148 1511 1218 1544; x_wconf 77' lang='lat'><strong>477</strong></span> <span class='ocrx_word' id='word_1_246' title='bbox 1257 1506 1342 1556; x_wconf 78' lang='lat' dir='ltr'><strong>(EM</strong></span> <span class='ocrx_word' id='word_1_247' title='bbox 1374 1510 1437 1552; x_wconf 76' lang='lat'><strong>75,</strong></span> <span class='ocrx_word' id='word_1_248' title='bbox 1469 1506 1546 1553; x_wconf 81' lang='lat'>25):</span> <span class='ocrx_word' id='word_1_249' title='bbox 1584 1506 1718 1551; x_wconf 83' lang='grc' dir='ltr'>Χάρων</span> <span class='ocrx_word' id='word_1_250' title='bbox 1755 1505 1797 1541; x_wconf 81' lang='grc' dir='ltr'>δέ.</span> <span class='ocrx_word' id='word_1_251' title='bbox 1826 1505 1849 1540; x_wconf 83' lang='grc'>6</span> 
     </span>
     <span class='ocr_line' id='line_1_25' title="bbox 273 1554 1848 1602; baseline -0.002 -11"><span class='ocrx_word' id='word_1_252' title='bbox 273 1556 529 1600; x_wconf 77' lang='grc' dir='ltr'>Λαμψακηνὸς</span> <span class='ocrx_word' id='word_1_253' title='bbox 553 1556 686 1601; x_wconf 68' lang='lat' dir='ltr'><strong>{tropei</strong></span> <span class='ocrx_word' id='word_1_254' title='bbox 712 1558 764 1592; x_wconf 78' lang='grc' dir='ltr'><strong>ὠς</strong></span> <span class='ocrx_word' id='word_1_255' title='bbox 788 1558 861 1602; x_wconf 86' lang='grc' dir='ltr'>ἄρα</span> <span class='ocrx_word' id='word_1_256' title='bbox 887 1559 1027 1594; x_wconf 74' lang='grc' dir='ltr'>Ῥοῖκος</span> <span class='ocrx_word' id='word_1_257' title='bbox 1050 1558 1274 1601; x_wconf 79' lang='grc' dir='ltr'>Θεαεάμενοε</span> <span class='ocrx_word' id='word_1_258' title='bbox 1292 1557 1384 1600; x_wconf 80' lang='grc' dir='ltr'>δρῦν</span> <span class='ocrx_word' id='word_1_259' title='bbox 1409 1556 1496 1591; x_wconf 76' lang='grc' dir='ltr'>δεον</span> <span class='ocrx_word' id='word_1_260' title='bbox 1521 1554 1628 1590; x_wconf 84' lang='grc' dir='ltr'>οὔπω</span> <span class='ocrx_word' id='word_1_261' title='bbox 1648 1554 1848 1598; x_wconf 82' lang='grc' dir='ltr'>μέλλουεαν</span> 
     </span>
     <span class='ocr_line' id='line_1_26' title="bbox 271 1601 1849 1650; baseline -0.003 -11"><span class='ocrx_word' id='word_1_262' title='bbox 271 1603 330 1639; x_wconf 81' lang='grc' dir='ltr'>ἐπὶ</span> <span class='ocrx_word' id='word_1_263' title='bbox 362 1606 432 1648; x_wconf 74' lang='grc' dir='ltr'><strong>γῆς</strong></span> <span class='ocrx_word' id='word_1_264' title='bbox 464 1604 752 1649; x_wconf 79' lang='grc' dir='ltr'>καταφέρεεθαι,</span> <span class='ocrx_word' id='word_1_265' title='bbox 784 1605 984 1650; x_wconf 76' lang='grc' dir='ltr'>προεέταξε</span> <span class='ocrx_word' id='word_1_266' title='bbox 1019 1609 1099 1642; x_wconf 76' lang='grc' dir='ltr'>τοῖς</span> <span class='ocrx_word' id='word_1_267' title='bbox 1127 1606 1248 1641; x_wconf 78' lang='grc' dir='ltr'>παιείν</span> <span class='ocrx_word' id='word_1_268' title='bbox 1279 1603 1517 1647; x_wconf 77' lang='grc' dir='ltr'>ὑποετηρίξαι</span> <span class='ocrx_word' id='word_1_269' title='bbox 1547 1602 1702 1646; x_wconf 84' lang='grc' dir='ltr'>ταύτην.</span> <span class='ocrx_word' id='word_1_270' title='bbox 1751 1602 1776 1645; x_wconf 85' lang='grc' dir='ltr'>ἡ</span> <span class='ocrx_word' id='word_1_271' title='bbox 1807 1601 1849 1636; x_wconf 83' lang='grc' dir='ltr'>δέ</span> 
     </span>
     <span class='ocr_line' id='line_1_27' title="bbox 270 1648 1848 1698; baseline -0.002 -12"><span class='ocrx_word' id='word_1_272' title='bbox 270 1651 450 1694; x_wconf 77' lang='grc' dir='ltr'>μέλλουεα</span> <span class='ocrx_word' id='word_1_273' title='bbox 488 1651 767 1696; x_wconf 79' lang='grc' dir='ltr'>ευμφθείρεεθαι</span> <span class='ocrx_word' id='word_1_274' title='bbox 802 1657 849 1698; x_wconf 81' lang='grc' dir='ltr'><strong>τῇ</strong></span> <span class='ocrx_word' id='word_1_275' title='bbox 890 1654 974 1698; x_wconf 84' lang='grc' dir='ltr'>δρυῑ</span> <span class='ocrx_word' id='word_1_276' title='bbox 1011 1653 1147 1698; x_wconf 89' lang='grc' dir='ltr'>Νύμφη</span> <span class='ocrx_word' id='word_1_277' title='bbox 1183 1653 1355 1688; x_wconf 60' lang='lat' dir='ltr'><strong>{meraca</strong></span> <span class='ocrx_word' id='word_1_278' title='bbox 1385 1655 1442 1697; x_wconf 82' lang='grc' dir='ltr'><strong>τῷ</strong></span> <span class='ocrx_word' id='word_1_279' title='bbox 1475 1649 1607 1696; x_wconf 84' lang='grc' dir='ltr'>Ῥοίκῳ</span> <span class='ocrx_word' id='word_1_280' title='bbox 1637 1649 1746 1693; x_wconf 86' lang='grc' dir='ltr'>χάριν</span> <span class='ocrx_word' id='word_1_281' title='bbox 1781 1648 1848 1692; x_wconf 83' lang='grc' dir='ltr'><strong>μέν</strong></span> 
     </span>
     <span class='ocr_line' id='line_1_28' title="bbox 270 1696 1848 1746; baseline -0.002 -13"><span class='ocrx_word' id='word_1_282' title='bbox 270 1696 430 1742; x_wconf 78' lang='grc' dir='ltr'>ἔφαεκεν</span> <span class='ocrx_word' id='word_1_283' title='bbox 455 1698 590 1734; x_wconf 84' lang='grc' dir='ltr'>εἰδέναι</span> <span class='ocrx_word' id='word_1_284' title='bbox 615 1700 707 1744; x_wconf 85' lang='grc' dir='ltr'>ὑπὲρ</span> <span class='ocrx_word' id='word_1_285' title='bbox 732 1703 800 1744; x_wconf 81' lang='grc' dir='ltr'>τῆε</span> <span class='ocrx_word' id='word_1_286' title='bbox 824 1701 1018 1746; x_wconf 75' lang='grc' dir='ltr'>(ωτηρίας,</span> <span class='ocrx_word' id='word_1_287' title='bbox 1043 1701 1244 1745; x_wconf 83' lang='grc' dir='ltr'>ἐπέτρεπεν</span> <span class='ocrx_word' id='word_1_288' title='bbox 1263 1700 1305 1736; x_wconf 82' lang='grc' dir='ltr'><strong>δὲ</strong></span> <span class='ocrx_word' id='word_1_289' title='bbox 1329 1697 1541 1743; x_wconf 77' lang='grc' dir='ltr'>αἰτήεαεθαι</span> <span class='ocrx_word' id='word_1_290' title='bbox 1559 1697 1581 1732; x_wconf 88' lang='grc' dir='ltr'>δ</span> <span class='ocrx_word' id='word_1_291' title='bbox 1599 1707 1636 1732; x_wconf 85' lang='grc' dir='ltr'><strong>τι</strong></span> <span class='ocrx_word' id='word_1_292' title='bbox 1662 1696 1848 1740; x_wconf 84' lang='grc' dir='ltr'>βούλοιτο.</span> 
     </span>
    </p>
   </div>
   <div class='ocr_carea' id='block_1_6' title="bbox 271 1743 1928 1794">
    <p class='ocr_par' dir='ltr' id='par_1_6' title="bbox 271 1743 1928 1794">
     <span class='ocr_line' id='line_1_29' title="bbox 271 1743 1928 1794; baseline -0.002 -13"><span class='ocrx_word' id='word_1_293' title='bbox 271 1746 324 1781; x_wconf 72' lang='grc' dir='ltr'><strong>ὡς</strong></span> <span class='ocrx_word' id='word_1_294' title='bbox 348 1747 388 1782; x_wconf 81' lang='grc' dir='ltr'>δέ</span> <span class='ocrx_word' id='word_1_295' title='bbox 414 1746 552 1782; x_wconf 76' lang='grc' dir='ltr'>ἐκεῖνος</span> <span class='ocrx_word' id='word_1_296' title='bbox 576 1746 681 1791; x_wconf 85' lang='grc' dir='ltr'>ἠξίου</span> <span class='ocrx_word' id='word_1_297' title='bbox 707 1749 939 1791; x_wconf 77' lang='grc' dir='ltr'>ευγγενέεθαι</span> <span class='ocrx_word' id='word_1_298' title='bbox 963 1750 1073 1794; x_wconf 79' lang='grc' dir='ltr'>αὐτῇ,</span> <span class='ocrx_word' id='word_1_299' title='bbox 1098 1749 1275 1792; x_wconf 77' lang='grc' dir='ltr'>ὑπέςχετο</span> <span class='ocrx_word' id='word_1_300' title='bbox 1302 1749 1431 1782; x_wconf 86' lang='grc' dir='ltr'>δοῦναι</span> <span class='ocrx_word' id='word_1_301' title='bbox 1455 1748 1591 1782; x_wconf 78' lang='grc' dir='ltr'>τοῦτο·</span> <span class='ocrx_word' id='word_1_302' title='bbox 1619 1743 1848 1790; x_wconf 75' lang='grc' dir='ltr'>φυλάξαεθαι</span> <span class='ocrx_word' id='word_1_303' title='bbox 1926 1771 1928 1774; x_wconf 63' lang='grc'>,</span> 
     </span>
    </p>
   </div>
   <div class='ocr_carea' id='block_1_7' title="bbox 268 1791 1903 2410">
    <p class='ocr_par' dir='ltr' id='par_1_7' title="bbox 268 1791 1903 2410">
     <span class='ocr_line' id='line_1_30' title="bbox 274 1791 1848 1841; baseline -0.001 -13"><span class='ocrx_word' id='word_1_304' title='bbox 274 1794 400 1836; x_wconf 83' lang='grc' dir='ltr'>μέντοι</span> <span class='ocrx_word' id='word_1_305' title='bbox 425 1805 469 1836; x_wconf 88' lang='grc' dir='ltr'>γε</span> <span class='ocrx_word' id='word_1_306' title='bbox 494 1794 623 1839; x_wconf 80' lang='grc' dir='ltr'>ἑτέρα(</span> <span class='ocrx_word' id='word_1_307' title='bbox 646 1796 820 1838; x_wconf 75' lang='grc' dir='ltr'>γυναικὸς</span> <span class='ocrx_word' id='word_1_308' title='bbox 845 1796 990 1840; x_wconf 86' lang='grc' dir='ltr'>ὁμιλίαν</span> <span class='ocrx_word' id='word_1_309' title='bbox 1019 1796 1285 1841; x_wconf 87' lang='grc' dir='ltr'>παρήγγειλεν,</span> <span class='ocrx_word' id='word_1_310' title='bbox 1316 1794 1455 1830; x_wconf 73' lang='grc' dir='ltr'>ἔεεεθαι</span> <span class='ocrx_word' id='word_1_311' title='bbox 1485 1793 1526 1828; x_wconf 83' lang='grc' dir='ltr'><strong>δὲ</strong></span> <span class='ocrx_word' id='word_1_312' title='bbox 1558 1792 1694 1836; x_wconf 79' lang='grc' dir='ltr'>μεταξὺ</span> <span class='ocrx_word' id='word_1_313' title='bbox 1720 1791 1848 1826; x_wconf 72' lang='grc' dir='ltr'>αὐτῶν</span> 
     </span>
     <span class='ocr_line' id='line_1_31' title="bbox 271 1838 1847 1886; baseline -0.002 -10"><span class='ocrx_word' id='word_1_314' title='bbox 271 1841 432 1884; x_wconf 79' lang='grc' dir='ltr'>ἄγγελον</span> <span class='ocrx_word' id='word_1_315' title='bbox 479 1842 654 1884; x_wconf 80' lang='grc' dir='ltr'>μέλιεεαν.</span> <span class='ocrx_word' id='word_1_316' title='bbox 717 1842 778 1879; x_wconf 91' lang='grc' dir='ltr'>καί</span> <span class='ocrx_word' id='word_1_317' title='bbox 813 1855 906 1880; x_wconf 86' lang='grc' dir='ltr'>ποτε</span> <span class='ocrx_word' id='word_1_318' title='bbox 948 1845 1190 1880; x_wconf 78' lang='grc' dir='ltr'>πεεεεύοντοε</span> <span class='ocrx_word' id='word_1_319' title='bbox 1231 1843 1348 1878; x_wconf 83' lang='grc' dir='ltr'>αὐτοῦ</span> <span class='ocrx_word' id='word_1_320' title='bbox 1389 1839 1600 1886; x_wconf 84' lang='grc' dir='ltr'>παρίπτατο</span> <span class='ocrx_word' id='word_1_321' title='bbox 1636 1840 1660 1883; x_wconf 82' lang='grc' dir='ltr'>ἡ</span> <span class='ocrx_word' id='word_1_322' title='bbox 1694 1838 1847 1883; x_wconf 71' lang='grc' dir='ltr'>μέλιεεα.</span> 
     </span>
     <span class='ocr_line' id='line_1_32' title="bbox 271 1887 1862 1936; baseline -0.001 -12"><span class='ocrx_word' id='word_1_323' title='bbox 271 1889 493 1933; x_wconf 85' lang='grc' dir='ltr'>πικρότερον</span> <span class='ocrx_word' id='word_1_324' title='bbox 519 1890 560 1925; x_wconf 84' lang='grc' dir='ltr'><strong>δὲ</strong></span> <span class='ocrx_word' id='word_1_325' title='bbox 591 1890 920 1935; x_wconf 77' lang='grc' dir='ltr'>ἀποφθεγξάμενοε</span> <span class='ocrx_word' id='word_1_326' title='bbox 938 1891 991 1928; x_wconf 78' lang='grc' dir='ltr'>εἰ(</span> <span class='ocrx_word' id='word_1_327' title='bbox 1016 1892 1134 1936; x_wconf 82' lang='grc' dir='ltr'>ὀργὴν</span> <span class='ocrx_word' id='word_1_328' title='bbox 1159 1891 1294 1935; x_wconf 86' lang='grc' dir='ltr'>ἔτρεψε</span> <span class='ocrx_word' id='word_1_329' title='bbox 1323 1891 1396 1934; x_wconf 86' lang='grc' dir='ltr'>τὴν</span> <span class='ocrx_word' id='word_1_330' title='bbox 1427 1888 1588 1932; x_wconf 84' lang='grc' dir='ltr'>Νύμφην</span> <span class='ocrx_word' id='word_1_331' title='bbox 1611 1887 1706 1923; x_wconf 81' lang='grc' dir='ltr'>ὥετε</span> <span class='ocrx_word' id='word_1_332' title='bbox 1722 1896 1862 1930; x_wconf 47' lang='lat' dir='ltr'><strong>nuptu—v</strong></span> 
     </span>
     <span class='ocr_line' id='line_1_33' title="bbox 270 1932 1903 1983; baseline -0.001 -13"><span class='ocrx_word' id='word_1_333' title='bbox 270 1938 391 1980; x_wconf 82' lang='grc' dir='ltr'>θῆναι.</span> <span class='ocrx_word' id='word_1_334' title='bbox 443 1937 502 1971; x_wconf 85' lang='grc' dir='ltr'>καὶ</span> <span class='ocrx_word' id='word_1_335' title='bbox 527 1936 715 1982; x_wconf 73' lang='grc' dir='ltr'>Πίνδαρος</span> <span class='ocrx_word' id='word_1_336' title='bbox 740 1939 780 1974; x_wconf 86' lang='grc' dir='ltr'>δέ</span> <span class='ocrx_word' id='word_1_337' title='bbox 805 1950 894 1983; x_wconf 76' lang='grc' dir='ltr'>φηςι</span> <span class='ocrx_word' id='word_1_338' title='bbox 916 1940 1002 1983; x_wconf 80' lang='grc' dir='ltr'>περὶ</span> <span class='ocrx_word' id='word_1_339' title='bbox 1028 1939 1197 1983; x_wconf 87' lang='grc' dir='ltr'>Νυμφῶν</span> <span class='ocrx_word' id='word_1_340' title='bbox 1229 1937 1452 1978; x_wconf 73' lang='grc' dir='ltr'>ποιούμενος</span> <span class='ocrx_word' id='word_1_341' title='bbox 1479 1935 1549 1970; x_wconf 87' lang='grc' dir='ltr'>τὸν</span> <span class='ocrx_word' id='word_1_342' title='bbox 1580 1934 1709 1977; x_wconf 84' lang='grc' dir='ltr'>λόγον·</span> <span class='ocrx_word' id='word_1_343' title='bbox 1759 1932 1848 1969; x_wconf 77' lang='lat' dir='ltr'><strong>ico·</strong></span> <span class='ocrx_word' id='word_1_344' title='bbox 1894 1974 1903 1982; x_wconf 52' lang='lat'><strong>·</strong></span> 
     </span>
     <span class='ocr_line' id='line_1_34' title="bbox 268 1979 1847 2031; baseline -0.002 -13"><span class='ocrx_word' id='word_1_345' title='bbox 268 1984 465 2028; x_wconf 86' lang='grc' dir='ltr'>δένδρου</span> <span class='ocrx_word' id='word_1_346' title='bbox 498 1985 663 2029; x_wconf 87' lang='grc' dir='ltr'>τέκμαρ</span> <span class='ocrx_word' id='word_1_347' title='bbox 697 1985 862 2022; x_wconf 76' lang='grc' dir='ltr'>αἰῶνος</span> <span class='ocrx_word' id='word_1_348' title='bbox 892 1989 1089 2030; x_wconf 76' lang='grc' dir='ltr'>λαχοῡεα</span> <span class='ocrx_word' id='word_1_349' title='bbox 1113 1986 1181 2031; x_wconf 79' lang='lat' dir='ltr'><strong>(L,</strong></span> <span class='ocrx_word' id='word_1_350' title='bbox 1206 1996 1278 2020; x_wconf 82' lang='lat' dir='ltr'><strong>-cm</strong></span> <span class='ocrx_word' id='word_1_351' title='bbox 1303 1983 1420 2028; x_wconf 80' lang='lat' dir='ltr'>EM).</span> <span class='ocrx_word' id='word_1_352' title='bbox 1469 1980 1642 2017; x_wconf 75' lang='lat' dir='ltr'><strong>Eundem</strong></span> <span class='ocrx_word' id='word_1_353' title='bbox 1674 1979 1847 2017; x_wconf 63' lang='lat' dir='ltr'><strong>charone</strong></span> 
     </span>
     <span class='ocr_line' id='line_1_35' title="bbox 269 2026 1846 2079; baseline -0.003 -13"><span class='ocrx_word' id='word_1_354' title='bbox 269 2030 487 2076; x_wconf 61' lang='lat' dir='ltr'><strong>(immeritem</strong></span> <span class='ocrx_word' id='word_1_355' title='bbox 519 2033 710 2078; x_wconf 84' lang='lat' dir='ltr'><strong>perspexit</strong></span> <span class='ocrx_word' id='word_1_356' title='bbox 733 2032 869 2068; x_wconf 82' lang='lat' dir='ltr'><strong>Mffller</strong></span> <span class='ocrx_word' id='word_1_357' title='bbox 898 2032 998 2069; x_wconf 84' lang='lat' dir='ltr'><strong>FHG</strong></span> <span class='ocrx_word' id='word_1_358' title='bbox 1023 2032 1075 2069; x_wconf 90' lang='lat' dir='ltr'><strong>IV</strong></span> <span class='ocrx_word' id='word_1_359' title='bbox 1101 2033 1184 2079; x_wconf 80' lang='lat'>628)</span> <span class='ocrx_word' id='word_1_360' title='bbox 1211 2031 1422 2067; x_wconf 76' lang='lat' dir='ltr'><strong>antestatus</strong></span> <span class='ocrx_word' id='word_1_361' title='bbox 1454 2028 1595 2065; x_wconf 83' lang='lat' dir='ltr'><strong>similia</strong></span> <span class='ocrx_word' id='word_1_362' title='bbox 1627 2028 1675 2064; x_wconf 87' lang='lat' dir='ltr'><strong>de</strong></span> <span class='ocrx_word' id='word_1_363' title='bbox 1699 2026 1846 2064; x_wconf 82' lang='lat' dir='ltr'><strong>Arcade</strong></span> 
     </span>
     <span class='ocr_line' id='line_1_36' title="bbox 270 2074 1847 2126; baseline -0.002 -13"><span class='ocrx_word' id='word_1_364' title='bbox 270 2080 310 2113; x_wconf 90' lang='lat' dir='ltr'><strong>et</strong></span> <span class='ocrx_word' id='word_1_365' title='bbox 334 2077 742 2126; x_wconf 84' lang='lat' dir='ltr'><strong>Chrysopelea(hoc</strong></span> <span class='ocrx_word' id='word_1_366' title='bbox 768 2081 921 2126; x_wconf 89' lang='lat' dir='ltr'><strong>quidem</strong></span> <span class='ocrx_word' id='word_1_367' title='bbox 945 2081 1102 2117; x_wconf 87' lang='lat' dir='ltr'><strong>Eumelo</strong></span> <span class='ocrx_word' id='word_1_368' title='bbox 1128 2081 1281 2116; x_wconf 86' lang='lat' dir='ltr'><strong>auctore</strong></span> <span class='ocrx_word' id='word_1_369' title='bbox 1299 2078 1334 2113; x_wconf 85' lang='lat' dir='ltr'><strong>fr</strong></span> <span class='ocrx_word' id='word_1_370' title='bbox 1354 2081 1398 2114; x_wconf 84' lang='lat'><strong>15</strong></span> <span class='ocrx_word' id='word_1_371' title='bbox 1411 2076 1462 2122; x_wconf 84' lang='grc' dir='ltr'><strong>Κ;</strong></span> <span class='ocrx_word' id='word_1_372' title='bbox 1489 2076 1529 2112; x_wconf 83' lang='lat' dir='ltr'><strong>cf</strong></span> <span class='ocrx_word' id='word_1_373' title='bbox 1549 2076 1665 2114; x_wconf 86' lang='lat' dir='ltr'><strong>etiam</strong></span> <span class='ocrx_word' id='word_1_374' title='bbox 1683 2074 1847 2122; x_wconf 86' lang='lat' dir='ltr'><strong>Apollod</strong></span> 
     </span>
     <span class='ocr_line' id='line_1_37' title="bbox 270 2122 1845 2175; baseline -0.001 -15"><span class='ocrx_word' id='word_1_375' title='bbox 270 2125 323 2160; x_wconf 92' lang='lat'><strong>111</strong></span> <span class='ocrx_word' id='word_1_376' title='bbox 355 2129 422 2161; x_wconf 84' lang='lat'><strong>102</strong></span> <span class='ocrx_word' id='word_1_377' title='bbox 443 2125 514 2172; x_wconf 74' lang='lat' dir='ltr'><strong>W)</strong></span> <span class='ocrx_word' id='word_1_378' title='bbox 542 2130 671 2164; x_wconf 81' lang='lat' dir='ltr'><strong>narrat</strong></span> <span class='ocrx_word' id='word_1_379' title='bbox 708 2127 859 2165; x_wconf 83' lang='lat' dir='ltr'><strong>Tzetzes</strong></span> <span class='ocrx_word' id='word_1_380' title='bbox 897 2129 1002 2165; x_wconf 87' lang='lat' dir='ltr'><strong>schol</strong></span> <span class='ocrx_word' id='word_1_381' title='bbox 1039 2128 1214 2175; x_wconf 80' lang='lat' dir='ltr'><strong>Lycophr</strong></span> <span class='ocrx_word' id='word_1_382' title='bbox 1238 2129 1318 2163; x_wconf 83' lang='lat'>480.</span> <span class='ocrx_word' id='word_1_383' title='bbox 1374 2124 1531 2161; x_wconf 79' lang='lat' dir='ltr'><strong>Pindari</strong></span> <span class='ocrx_word' id='word_1_384' title='bbox 1566 2123 1686 2170; x_wconf 88' lang='lat' dir='ltr'><strong>ipsius</strong></span> <span class='ocrx_word' id='word_1_385' title='bbox 1724 2122 1845 2159; x_wconf 88' lang='lat' dir='ltr'><strong>solum</strong></span> 
     </span>
     <span class='ocr_line' id='line_1_38' title="bbox 270 2169 1844 2257; baseline -0.001 -50"><span class='ocrx_word' id='word_1_386' title='bbox 270 2173 306 2207; x_wconf 84' lang='lat' dir='ltr'><strong>fr</strong></span> <span class='ocrx_word' id='word_1_387' title='bbox 326 2177 394 2208; x_wconf 82' lang='lat'><strong>165</strong></span> <span class='ocrx_word' id='word_1_388' title='bbox 421 2183 501 2209; x_wconf 86' lang='lat' dir='ltr'><strong>esse</strong></span> <span class='ocrx_word' id='word_1_389' title='bbox 526 2173 650 2210; x_wconf 87' lang='lat' dir='ltr'><strong>Christ</strong></span> <span class='ocrx_word' id='word_1_390' title='bbox 674 2175 880 2213; x_wconf 66' lang='lat' dir='ltr'><strong>arbitratus</strong></span> <span class='ocrx_word' id='word_1_391' title='bbox 904 2180 1080 2222; x_wconf 77' lang='grc' dir='ltr'>(λαχοῖεαι</span> <span class='ocrx_word' id='word_1_392' title='bbox 1111 2175 1309 2257; x_wconf 56' lang='grc' dir='ltr'>εωρθἛς</span> <span class='ocrx_word' id='word_1_393' title='bbox 1341 2184 1362 2208; x_wconf 90' lang='lat' dir='ltr'><strong>e</strong></span> <span class='ocrx_word' id='word_1_394' title='bbox 1440 2171 1568 2208; x_wconf 86' lang='lat' dir='ltr'><strong>nullus</strong></span> <span class='ocrx_word' id='word_1_395' title='bbox 1594 2170 1726 2207; x_wconf 88' lang='lat' dir='ltr'><strong>dubito</strong></span> <span class='ocrx_word' id='word_1_396' title='bbox 1750 2169 1844 2216; x_wconf 77' lang='lat' dir='ltr'><strong>quin</strong></span> 
     </span>
     <span class='ocr_line' id='line_1_39' title="bbox 270 2218 1845 2265; baseline -0.001 -10"><span class='ocrx_word' id='word_1_397' title='bbox 270 2220 373 2256; x_wconf 78' lang='lat' dir='ltr'><strong>schol</strong></span> <span class='ocrx_word' id='word_1_398' title='bbox 405 2220 549 2257; x_wconf 89' lang='lat' dir='ltr'><strong>Theocr</strong></span> <span class='ocrx_word' id='word_1_399' title='bbox 580 2222 735 2259; x_wconf 86' lang='lat' dir='ltr'><strong>Pindari</strong></span> <span class='ocrx_word' id='word_1_400' title='bbox 765 2223 874 2260; x_wconf 85' lang='lat' dir='ltr'><strong>illum</strong></span> <span class='ocrx_word' id='word_1_401' title='bbox 904 2235 1051 2260; x_wconf 85' lang='lat' dir='ltr'><strong>versum</strong></span> <span class='ocrx_word' id='word_1_402' title='bbox 1082 2225 1171 2259; x_wconf 85' lang='lat' dir='ltr'><strong>ante</strong></span> <span class='ocrx_word' id='word_1_403' title='bbox 1202 2233 1247 2258; x_wconf 86' lang='lat' dir='ltr'><strong>oc</strong></span> <span class='ocrx_word' id='word_1_404' title='bbox 1289 2233 1330 2257; x_wconf 87' lang='lat' dir='ltr'><strong>os</strong></span> <span class='ocrx_word' id='word_1_405' title='bbox 1394 2219 1559 2265; x_wconf 84' lang='lat' dir='ltr'><strong>abuerit,</strong></span> <span class='ocrx_word' id='word_1_406' title='bbox 1595 2221 1640 2255; x_wconf 89' lang='lat' dir='ltr'><strong>ut</strong></span> <span class='ocrx_word' id='word_1_407' title='bbox 1675 2218 1845 2254; x_wconf 84' lang='lat' dir='ltr'><strong>fabulam</strong></span> 
     </span>
     <span class='ocr_line' id='line_1_40' title="bbox 270 2265 1844 2318; baseline -0.001 -16"><span class='ocrx_word' id='word_1_408' title='bbox 270 2270 371 2303; x_wconf 85' lang='lat' dir='ltr'><strong>certe</strong></span> <span class='ocrx_word' id='word_1_409' title='bbox 408 2279 483 2304; x_wconf 87' lang='lat' dir='ltr'><strong>non</strong></span> <span class='ocrx_word' id='word_1_410' title='bbox 520 2269 710 2307; x_wconf 73' lang='lat' dir='ltr'><strong>inficetum</strong></span> <span class='ocrx_word' id='word_1_411' title='bbox 747 2271 794 2307; x_wconf 88' lang='lat' dir='ltr'><strong>de</strong></span> <span class='ocrx_word' id='word_1_412' title='bbox 830 2271 1097 2318; x_wconf 75' lang='lat' dir='ltr'><strong>Hamadryade</strong></span> <span class='ocrx_word' id='word_1_413' title='bbox 1133 2268 1360 2306; x_wconf 88' lang='lat' dir='ltr'><strong>moribunda</strong></span> <span class='ocrx_word' id='word_1_414' title='bbox 1397 2269 1562 2312; x_wconf 84' lang='lat' dir='ltr'><strong>servata,</strong></span> <span class='ocrx_word' id='word_1_415' title='bbox 1603 2265 1844 2301; x_wconf 74' lang='lat' dir='ltr'><strong>matrimonio</strong></span> 
     </span>
     <span class='ocr_line' id='line_1_41' title="bbox 269 2312 1843 2365; baseline -0.002 -15"><span class='ocrx_word' id='word_1_416' title='bbox 269 2315 434 2361; x_wconf 86' lang='lat' dir='ltr'><strong>quodam</strong></span> <span class='ocrx_word' id='word_1_417' title='bbox 460 2328 543 2352; x_wconf 87' lang='lat' dir='ltr'><strong>cum</strong></span> <span class='ocrx_word' id='word_1_418' title='bbox 568 2318 646 2354; x_wconf 87' lang='lat' dir='ltr'><strong>viro</strong></span> <span class='ocrx_word' id='word_1_419' title='bbox 670 2318 822 2355; x_wconf 84' lang='lat' dir='ltr'><strong>mortali</strong></span> <span class='ocrx_word' id='word_1_420' title='bbox 842 2320 1054 2364; x_wconf 83' lang='lat' dir='ltr'><strong>coniuncta,</strong></span> <span class='ocrx_word' id='word_1_421' title='bbox 1078 2318 1252 2365; x_wconf 81' lang='lat' dir='ltr'><strong>neglecta</strong></span> <span class='ocrx_word' id='word_1_422' title='bbox 1276 2317 1376 2352; x_wconf 87' lang='lat' dir='ltr'><strong>irata</strong></span> <span class='ocrx_word' id='word_1_423' title='bbox 1401 2315 1530 2360; x_wconf 84' lang='lat' dir='ltr'><strong>aliquo</strong></span> <span class='ocrx_word' id='word_1_424' title='bbox 1548 2313 1660 2350; x_wconf 84' lang='lat' dir='ltr'><strong>modo</strong></span> <span class='ocrx_word' id='word_1_425' title='bbox 1686 2313 1736 2348; x_wconf 85' lang='lat' dir='ltr'><strong>ad</strong></span> <span class='ocrx_word' id='word_1_426' title='bbox 1757 2312 1843 2348; x_wconf 89' lang='lat' dir='ltr'><strong>Pin-</strong></span> 
     </span>
     <span class='ocr_line' id='line_1_42' title="bbox 270 2363 875 2410; baseline 0.012 -13"><span class='ocrx_word' id='word_1_427' title='bbox 270 2363 402 2398; x_wconf 89' lang='lat' dir='ltr'><strong>darum</strong></span> <span class='ocrx_word' id='word_1_428' title='bbox 427 2365 614 2410; x_wconf 85' lang='lat' dir='ltr'><strong>pertinere</strong></span> <span class='ocrx_word' id='word_1_429' title='bbox 639 2377 790 2403; x_wconf 87' lang='lat' dir='ltr'><strong>necesse</strong></span> <span class='ocrx_word' id='word_1_430' title='bbox 815 2367 875 2405; x_wconf 86' lang='lat' dir='ltr'><strong>sit.</strong></span> 
     </span>
    </p>
   </div>
   <div class='ocr_carea' id='block_1_8' title="bbox 935 2473 1182 2533">
    <p class='ocr_par' dir='ltr' id='par_1_8' title="bbox 935 2473 1182 2533">
     <span class='ocr_line' id='line_1_43' title="bbox 935 2473 1182 2533; baseline -0.012 -14"><span class='ocrx_word' id='word_1_431' title='bbox 935 2475 1023 2519; x_wconf 81' lang='lat'><strong>253</strong></span> <span class='ocrx_word' id='word_1_432' title='bbox 1056 2473 1182 2533; x_wconf 90' lang='lat'>(140)</span> 
     </span>
    </p>
   </div>
   <div class='ocr_carea' id='block_1_9' title="bbox 269 2550 1842 2746">
    <p class='ocr_par' dir='ltr' id='par_1_9' title="bbox 269 2550 1842 2746">
     <span class='ocr_line' id='line_1_44' title="bbox 389 2550 1842 2603; baseline -0.004 -13"><span class='ocrx_word' id='word_1_433' title='bbox 389 2554 558 2602; x_wconf 78' lang='lat' dir='ltr'><strong>Harpocr</strong></span> <span class='ocrx_word' id='word_1_434' title='bbox 581 2568 606 2603; x_wconf 92' lang='lat' dir='ltr'><strong>p</strong></span> <span class='ocrx_word' id='word_1_435' title='bbox 626 2562 670 2594; x_wconf 84' lang='lat'><strong>41</strong></span> <span class='ocrx_word' id='word_1_436' title='bbox 697 2558 822 2594; x_wconf 85' lang='lat' dir='ltr'><strong>Bekk:</strong></span> <span class='ocrx_word' id='word_1_437' title='bbox 848 2559 1097 2603; x_wconf 80' lang='grc' dir='ltr'>Αὐτόχθονεε·</span> <span class='ocrx_word' id='word_1_438' title='bbox 1119 2585 1127 2591; x_wconf 94' lang='grc'><strong>.</strong></span> <span class='ocrx_word' id='word_1_439' title='bbox 1149 2585 1158 2592; x_wconf 89' lang='grc'><strong>.</strong></span> <span class='ocrx_word' id='word_1_440' title='bbox 1179 2584 1187 2591; x_wconf 95' lang='grc'><strong>.</strong></span> <span class='ocrx_word' id='word_1_441' title='bbox 1207 2556 1230 2591; x_wconf 83' lang='grc' dir='ltr'><strong>ὁ</strong></span> <span class='ocrx_word' id='word_1_442' title='bbox 1255 2556 1295 2590; x_wconf 89' lang='grc' dir='ltr'><strong>δὲ</strong></span> <span class='ocrx_word' id='word_1_443' title='bbox 1320 2553 1509 2598; x_wconf 73' lang='grc' dir='ltr'>Πίνδαρος</span> <span class='ocrx_word' id='word_1_444' title='bbox 1533 2552 1594 2587; x_wconf 80' lang='grc' dir='ltr'>καὶ</span> <span class='ocrx_word' id='word_1_445' title='bbox 1618 2551 1640 2585; x_wconf 86' lang='grc' dir='ltr'>ὁ</span> <span class='ocrx_word' id='word_1_446' title='bbox 1663 2552 1735 2595; x_wconf 78' lang='grc' dir='ltr'>τὴν</span> <span class='ocrx_word' id='word_1_447' title='bbox 1766 2550 1842 2586; x_wconf 91' lang='grc' dir='ltr'>Δα-</span> 
     </span>
     <span class='ocr_line' id='line_1_45' title="bbox 269 2600 1842 2651; baseline -0.011 -2"><span class='ocrx_word' id='word_1_448' title='bbox 269 2604 381 2638; x_wconf 67' lang='grc' dir='ltr'><strong>ναῖδα</strong></span> <span class='ocrx_word' id='word_1_449' title='bbox 417 2607 628 2648; x_wconf 71' lang='grc' dir='ltr'>πεποὶηκώ(</span> <span class='ocrx_word' id='word_1_450' title='bbox 665 2618 775 2651; x_wconf 77' lang='grc' dir='ltr'>φαειν</span> <span class='ocrx_word' id='word_1_451' title='bbox 813 2607 1095 2651; x_wconf 82' lang='grc' dir='ltr'>Ἐριχθόνιον</span> <span class='ocrx_word' id='word_1_452' title='bbox 1130 2604 1200 2639; x_wconf 81' lang='grc' dir='ltr'>τὸν</span> <span class='ocrx_word' id='word_1_453' title='bbox 1245 2601 1445 2647; x_wconf 71' lang='grc' dir='ltr'>Ἡφαίστου</span> <span class='ocrx_word' id='word_1_454' title='bbox 1487 2600 1530 2635; x_wconf 82' lang='grc' dir='ltr'><strong>ἐκ</strong></span> <span class='ocrx_word' id='word_1_455' title='bbox 1571 2601 1641 2643; x_wconf 73' lang='grc' dir='ltr'><strong>γῆς</strong></span> <span class='ocrx_word' id='word_1_456' title='bbox 1677 2600 1842 2643; x_wconf 81' lang='grc' dir='ltr'>φανῆναι</span> 
     </span>
     <span class='ocr_line' id='line_1_46' title="bbox 270 2646 1841 2698; baseline -0.004 -12"><span class='ocrx_word' id='word_1_457' title='bbox 270 2650 417 2696; x_wconf 81' lang='lat' dir='ltr'><strong>(scripsi</strong></span> <span class='ocrx_word' id='word_1_458' title='bbox 443 2651 476 2686; x_wconf 83' lang='lat' dir='ltr'><strong>cl</strong></span> <span class='ocrx_word' id='word_1_459' title='bbox 494 2651 666 2698; x_wconf 79' lang='lat' dir='ltr'><strong>Harpocr</strong></span> <span class='ocrx_word' id='word_1_460' title='bbox 690 2666 711 2689; x_wconf 89' lang='lat' dir='ltr'>v</span> <span class='ocrx_word' id='word_1_461' title='bbox 729 2654 990 2698; x_wconf 82' lang='grc' dir='ltr'>Παναθήναια,</span> <span class='ocrx_word' id='word_1_462' title='bbox 1015 2653 1054 2689; x_wconf 79' lang='grc' dir='ltr'><strong>ἐξ</strong></span> <span class='ocrx_word' id='word_1_463' title='bbox 1081 2653 1164 2696; x_wconf 82' lang='grc' dir='ltr'><strong>Ἠφ.</strong></span> <span class='ocrx_word' id='word_1_464' title='bbox 1191 2652 1251 2686; x_wconf 81' lang='grc' dir='ltr'>καὶ</span> <span class='ocrx_word' id='word_1_465' title='bbox 1275 2651 1344 2692; x_wconf 76' lang='grc' dir='ltr'><strong>γῆς</strong></span> <span class='ocrx_word' id='word_1_466' title='bbox 1369 2646 1526 2690; x_wconf 81' lang='lat' dir='ltr'><strong>Gronov,</strong></span> <span class='ocrx_word' id='word_1_467' title='bbox 1551 2647 1612 2681; x_wconf 83' lang='grc' dir='ltr'>καὶ</span> <span class='ocrx_word' id='word_1_468' title='bbox 1636 2646 1841 2690; x_wconf 67' lang='grc' dir='ltr'>Ἥφαιστον</span> 
     </span>
     <span class='ocr_line' id='line_1_47' title="bbox 269 2690 1670 2746; baseline -0.014 0"><span class='ocrx_word' id='word_1_469' title='bbox 269 2699 311 2732; x_wconf 65' lang='grc' dir='ltr'><strong>ἐκ</strong></span> <span class='ocrx_word' id='word_1_470' title='bbox 336 2697 478 2744; x_wconf 82' lang='lat' dir='ltr'><strong>vulg0);</strong></span> <span class='ocrx_word' id='word_1_471' title='bbox 505 2699 545 2734; x_wconf 85' lang='lat' dir='ltr'><strong>cf</strong></span> <span class='ocrx_word' id='word_1_472' title='bbox 566 2699 637 2735; x_wconf 88' lang='lat' dir='ltr'><strong>EM</strong></span> <span class='ocrx_word' id='word_1_473' title='bbox 662 2713 683 2736; x_wconf 90' lang='lat' dir='ltr'>v</span> <span class='ocrx_word' id='word_1_474' title='bbox 709 2695 935 2746; x_wconf 71' lang='grc' dir='ltr'>Ἐριχθόνιὸς</span> <span class='ocrx_word' id='word_1_475' title='bbox 954 2703 1036 2743; x_wconf 80' lang='grc'>371,</span> <span class='ocrx_word' id='word_1_476' title='bbox 1055 2701 1114 2743; x_wconf 78' lang='lat'><strong>35,</strong></span> <span class='ocrx_word' id='word_1_477' title='bbox 1139 2695 1301 2741; x_wconf 70' lang='lat' dir='ltr'><strong>denique</strong></span> <span class='ocrx_word' id='word_1_478' title='bbox 1326 2704 1440 2740; x_wconf 85' lang='lat' dir='ltr'><strong>supra</strong></span> <span class='ocrx_word' id='word_1_479' title='bbox 1465 2692 1515 2728; x_wconf 77' lang='lat' dir='ltr'><strong>ad</strong></span> <span class='ocrx_word' id='word_1_480' title='bbox 1539 2692 1574 2727; x_wconf 85' lang='lat' dir='ltr'><strong>fr</strong></span> <span class='ocrx_word' id='word_1_481' title='bbox 1593 2690 1670 2728; x_wconf 66' lang='lat' dir='ltr'><strong>ub.</strong></span> 
     </span>
    </p>
   </div>
   <div class='ocr_carea' id='block_1_10' title="bbox 933 2817 1176 2877">
    <p class='ocr_par' dir='ltr' id='par_1_10' title="bbox 933 2817 1176 2877">
     <span class='ocr_line' id='line_1_48' title="bbox 933 2817 1176 2877; baseline -0.008 -15"><span class='ocrx_word' id='word_1_482' title='bbox 933 2818 1023 2862; x_wconf 80' lang='lat'><strong>254</strong></span> <span class='ocrx_word' id='word_1_483' title='bbox 1048 2817 1176 2877; x_wconf 87' lang='lat'>(144)</span> 
     </span>
    </p>
   </div>
   <div class='ocr_carea' id='block_1_11' title="bbox 268 2895 1839 2996">
    <p class='ocr_par' dir='ltr' id='par_1_11' title="bbox 268 2895 1839 2996">
     <span class='ocr_line' id='line_1_49' title="bbox 389 2895 1839 2947; baseline -0.005 -10"><span class='ocrx_word' id='word_1_484' title='bbox 389 2901 551 2947; x_wconf 86' lang='lat' dir='ltr'><strong>Apollod</strong></span> <span class='ocrx_word' id='word_1_485' title='bbox 581 2901 616 2937; x_wconf 88' lang='lat'><strong>11</strong></span> <span class='ocrx_word' id='word_1_486' title='bbox 648 2906 694 2938; x_wconf 78' lang='lat'><strong>38</strong></span> <span class='ocrx_word' id='word_1_487' title='bbox 713 2901 779 2937; x_wconf 86' lang='lat' dir='ltr'><strong>W:</strong></span> <span class='ocrx_word' id='word_1_488' title='bbox 822 2903 932 2947; x_wconf 84' lang='grc' dir='ltr'>αὗται</span> <span class='ocrx_word' id='word_1_489' title='bbox 970 2903 1011 2938; x_wconf 84' lang='grc' dir='ltr'>δέ</span> <span class='ocrx_word' id='word_1_490' title='bbox 1042 2900 1080 2937; x_wconf 83' lang='grc' dir='ltr'>αἱ</span> <span class='ocrx_word' id='word_1_491' title='bbox 1118 2899 1263 2943; x_wconf 86' lang='grc' dir='ltr'>νύμφαι</span> <span class='ocrx_word' id='word_1_492' title='bbox 1297 2897 1421 2942; x_wconf 84' lang='grc' dir='ltr'>πτηνὰ</span> <span class='ocrx_word' id='word_1_493' title='bbox 1463 2897 1565 2941; x_wconf 80' lang='grc' dir='ltr'>εἶχον</span> <span class='ocrx_word' id='word_1_494' title='bbox 1606 2896 1737 2931; x_wconf 88' lang='grc' dir='ltr'>πέδιλα</span> <span class='ocrx_word' id='word_1_495' title='bbox 1777 2895 1839 2931; x_wconf 80' lang='grc' dir='ltr'>καί</span> 
     </span>
     <span class='ocr_line' id='line_1_50' title="bbox 268 2942 1837 2996; baseline -0.003 -13"><span class='ocrx_word' id='word_1_496' title='bbox 268 2950 339 2993; x_wconf 86' lang='grc' dir='ltr'>τὴν</span> <span class='ocrx_word' id='word_1_497' title='bbox 364 2950 538 2996; x_wconf 78' lang='grc' dir='ltr'>κίβιειν,</span> <span class='ocrx_word' id='word_1_498' title='bbox 562 2952 611 2995; x_wconf 80' lang='grc' dir='ltr'>ἥν</span> <span class='ocrx_word' id='word_1_499' title='bbox 636 2961 747 2995; x_wconf 80' lang='grc' dir='ltr'>φαειν</span> <span class='ocrx_word' id='word_1_500' title='bbox 772 2950 866 2985; x_wconf 82' lang='grc' dir='ltr'>εἶναι</span> <span class='ocrx_word' id='word_1_501' title='bbox 889 2950 1024 2994; x_wconf 87' lang='grc' dir='ltr'>πήραν.</span> <span class='ocrx_word' id='word_1_502' title='bbox 1077 2946 1180 2990; x_wconf 80' lang='lat' dir='ltr'><strong>Quae</strong></span> <span class='ocrx_word' id='word_1_503' title='bbox 1206 2945 1412 2990; x_wconf 88' lang='lat' dir='ltr'><strong>sequuntur</strong></span> <span class='ocrx_word' id='word_1_504' title='bbox 1434 2944 1622 2990; x_wconf 73' lang='grc' dir='ltr'>Πίνδαρος</span> <span class='ocrx_word' id='word_1_505' title='bbox 1647 2944 1687 2980; x_wconf 88' lang='grc' dir='ltr'>δέ</span> <span class='ocrx_word' id='word_1_506' title='bbox 1715 2942 1837 2990; x_wconf 81' lang='lat' dir='ltr'><strong>[locus</strong></span> 
     </span>
    </p>
   </div>
  </div>
 </body>
</html>
