2014 3360
294 217 350 261 68
890 213 891 216 ’
954 217 1200 255 PINDARVS

504 325 683 385 (Boeckh
714 331 820 382 expll
852 331 936 370 337
970 333 1011 371 et
1042 327 1160 386 341).
1221 331 1332 371 Duas
1368 331 1519 382 priores
1557 332 1665 383 ipsas
1706 334 1862 384 quoque

502 396 692 446 Pythicas
722 397 846 437 fuisse
875 409 1003 448 neque
1034 409 1081 436 ex
1110 397 1186 436 hoc
1221 397 1309 436 loco
1344 397 1564 441 necessario
1598 398 1863 450 colligendum

501 474 628 512 neque
672 474 720 501 ex
762 475 793 501 v
826 463 894 501 43.
960 462 1067 501 Nam
1108 463 1215 519 recte
1258 462 1391 514 Bergk
1432 458 1676 503 Πυθόνικον
1718 464 1862 503 nomen

498 527 707 578 proprium
738 527 837 566 dicit
861 527 913 566 cll
936 527 990 566 tit
1013 527 1133 567 boeot
1158 526 1246 566 GIG
1269 526 1292 566 1
1315 540 1364 566 nr
1384 527 1512 578 1571,
1538 529 1594 567 23
1615 540 1653 568 ss
1679 545 1736 560 =
1761 529 1863 579 413,

501 592 675 631 23—26
711 591 872 642 Gollitz3
916 591 1016 631 adde
1053 593 1155 642 476,
1187 594 1243 632 47
1289 594 1330 631 et
1372 606 1473 643 quae
1516 593 1724 644 disputant
1764 593 1863 640 Fick

499 659 539 696 et
569 657 735 698 Bechtel
765 652 1013 698 Personenn²
1044 658 1160 697 1894
1190 671 1219 708 p
1246 658 1345 708 245,
1381 658 1550 709 denique
1580 672 1724 698 nomen
1754 659 1862 699 simi-

497 723 591 763 liter
626 724 844 763 formatum
881 719 1133 779 Ἰεθμόνικοε
1170 723 1269 762 Fick
1303 724 1410 762 154.Δ
1460 723 1567 762 Illud
1597 737 1690 764 vero
1727 725 1862 765 certis-

499 789 644 828 simum
673 788 778 828 hanc
809 801 995 829 coronam
1024 789 1202 828 familiae
1234 801 1318 828 esse
1348 789 1528 840 tertiam,
1564 802 1644 829 non
1680 790 1773 841 filii,
1813 790 1862 830 de

498 867 577 905 quo
602 854 712 894 schol
739 856 791 894 21
827 853 853 905 ξ
881 855 927 894 2:
958 852 1090 895 αὐτὸς
1106 852 1197 904 ’γὰρ
1229 850 1274 908 (ὁ
1301 852 1567 904 Θραευδαῑοε
1592 856 1664 895 scil
1689 854 1738 896 ἐν
1762 867 1860 896 παι-

497 917 572 970 είν,
598 934 625 960 v
650 920 760 960 schol
785 920 891 960 inser
909 915 971 975 B)
995 916 1108 961 ἅπαξ
1139 916 1438 970 ἀναγράφεται
1457 917 1598 961 Πύθια
1623 919 1792 972 νικήεαε
1821 924 1862 962 et

497 985 606 1026 schol
634 987 690 1026 70
722 984 748 1036 ἓ
777 987 821 1025 2:
852 983 982 1025 αὐτὸ(
1015 983 1063 1025 δὲ
1096 981 1121 1024 ὁ
1148 983 1415 1034 Θραευδαῖοε
1446 983 1495 1025 ἐν
1518 987 1572 1040 ,τῇ
1596 984 1739 1027 Πυθοῖ
1763 984 1862 1027 (τά-

495 1051 592 1091 διον
622 1049 826 1100 ἐνίκηεεν.
887 1051 948 1090 Ac
976 1064 1027 1090 ne
1058 1050 1100 1089 id
1132 1050 1292 1101 quidem
1310 1050 1440 1102 ‘plane
1470 1051 1724 1103 reiciendum,
1756 1052 1863 1104 quod

495 1115 544 1155 de
581 1116 792 1168 Olympico.
827 1116 955 1167 patris
993 1116 1165 1156 victoria
1199 1129 1364 1156 numero
1402 1117 1640 1168 olympiadis
1676 1130 1756 1158 non
1794 1117 1860 1157 ad-

494 1182 598 1222 iecto
635 1181 761 1221 tradit
798 1181 907 1221 schol
940 1183 1015 1231 21,
1048 1183 1092 1221 3:
1133 1178 1454 1232 ἀναγέγραπται
1492 1179 1518 1222 ὁ
1548 1181 1688 1234 πατὴρ
1727 1180 1860 1224 αὐτοῦ

459 1257 461 1259 ·
495 1243 825 1297 Ὀλυμπιονίκης
863 1244 1057 1295 γεγονὼς
1102 1245 1171 1287 καὶ
1213 1245 1344 1287 αὐτὸ(
1387 1244 1638 1298 εὐτυχήεαε,
1684 1249 1754 1288 ubi
1796 1247 1861 1289 bic

496 1310 731 1363 εὐτυχήεαε
775 1312 1024 1352 scribendum
1068 1315 1202 1352 censet
1245 1313 1295 1352 ad
1337 1313 1464 1353 filium
1507 1314 1639 1364 ipsum
1674 1315 1860 1365 referens,

497 1391 615 1430 quem
644 1378 746 1430 pyth
779 1378 835 1417 33
866 1378 928 1418 bis
959 1378 1100 1418 vicisse
1132 1374 1189 1418 ‘et
1220 1378 1348 1419 stadio
1380 1381 1421 1419 et
1450 1376 1601 1419 diaulo'
1641 1376 1728 1434 (καὶ
1766 1377 1858 1420 (τά-

496 1444 592 1484 διον
622 1457 649 1483 v
679 1438 820 1498 supra.)
851 1444 1050 1494 opinatur,
1081 1444 1231 1496 Bergk3
1274 1444 1380 1485 idem
1410 1447 1545 1485 tamen
1575 1445 1623 1486 de
1653 1445 1858 1497 pythiadis

494 1522 658 1549 numero
690 1509 877 1549 dubitans
907 1509 949 1548 in
979 1510 1086 1549 inscr
1116 1510 1285 1550 retinuit
1321 1508 1450 1551 παιδί.
1513 1511 1574 1550 De
1609 1512 1737 1562 patris
1777 1512 1858 1551 vic-

494 1575 599 1615 toria
629 1575 664 1615 si
694 1574 736 1614 id
768 1574 874 1626 quod
902 1574 1096 1615 traditum
1128 1588 1211 1616 esse
1249 1576 1453 1616 contendit
1489 1577 1772 1629 grammaticus
1812 1590 1859 1617 ex

495 1641 682 1681 carminis
713 1654 738 1680 v
764 1642 820 1680 47
854 1641 1023 1681 coniecit
1050 1642 1185 1692 potius
1216 1655 1337 1693 quam
1367 1656 1414 1682 ex
1446 1642 1685 1695 antigraphis
1712 1643 1859 1693 hausit,

494 1706 594 1746 bene
626 1707 806 1747 coniecit.
870 1706 947 1746 Sed
977 1709 1124 1748 temere
1156 1705 1258 1748 alius
1291 1708 1452 1759 quidam
1488 1702 1560 1763 (ad
1592 1710 1615 1748 7
1620 1703 1687 1763 0²)
1722 1708 1857 1760 plures

496 1772 745 1823 olympiades
775 1773 898 1813 fuisse
929 1772 1037 1813 dicit.
1092 1773 1198 1813 Nam
1227 1774 1348 1814 tertia
1380 1768 1468 1828 (14.
1494 1768 1573 1829 49)
1605 1786 1749 1814 corona.
1778 1774 1859 1813 fuit

392 1845 464 1878 474
495 1838 741 1890 Thrasydaei
783 1838 950 1890 Delphis
993 1839 1122 1879 stadio
1164 1842 1283 1891 parta
1325 1833 1446 1894 (pyth
1488 1840 1563 1889 28,
1604 1839 1645 1879 01
1683 1840 1758 1890 76,
1797 1834 1857 1894 3),

494 1904 621 1944 altera
651 1898 798 1958 (patris
828 1905 1029 1955 nimirum,
1059 1918 1153 1945 nam
1183 1904 1273 1945 τῶν
1304 1905 1359 1944 45
1399 1901 1456 1944 ‘et
1485 1904 1699 1956 Pythonici
1727 1905 1856 1956 patris

493 1972 534 2010 et
552 1969 797 2022 Thrasydaei
821 1969 895 2010 filii
897 1965 930 2026 ')
950 1970 1160 2023 Olympica
1185 1983 1310 2022 eaque
1335 1971 1483 2010 curulis
1502 1964 1591 2025 (47.
1611 1965 1702 2026 48),
1725 1970 1856 2022 prima

493 2029 601 2088 (ipse.
634 2049 791 2088 quoque
821 2030 969 2092 patris)
1001 2037 1228 2077 certaminis
1259 2049 1402 2089 genere
1433 2031 1502 2090 (ἐν
1533 2032 1703 2089 ἅρμαει)
1735 2048 1856 2086 quam
1883 2085 1891 2099 .

492 2102 579 2142 loco
609 2095 709 2157 (opp
741 2099 1013 2153 πολυφάτων
1029 2123 1033 2127 ·
1049 2097 1256 2157 ἀγώνων)
1286 2101 1490 2142 honestior
1526 2100 1685 2141 videtur
1719 2100 1855 2150 fuisse,

492 2168 681 2219 quoniam
706 2168 803 2208 olim
828 2163 980 2221 (πάλαι
1004 2162 1082 2222 46)
1108 2169 1220 2220 equis
1245 2180 1334 2208 eam
1356 2168 1603 2219 reportatam
1627 2179 1711 2206 esse
1734 2167 1854 2217 poet·

491 2231 620 2273 dicere
651 2234 750 2273 satis
780 2233 911 2273 hebet.

293 2289 353 2336 'P
384 2297 464 2337 XII
495 2295 611 2351 Μίδᾳ
654 2295 817 2352 αὐλητῇ
855 2294 1170 2350 Ἀκραγαντίνῳ
1213 2292 1299 2352 (om
1334 2298 1440 2337 inscr
1474 2296 1571 2346 BD,
1611 2291 1720 2345 Ἀκρ.
1759 2292 1852 2336 αὐλ.

492 2363 567 2403 edd
597 2366 690 2415 post
705 2357 986 2417 Ceporinum).
1013 2384 1070 2390 ——
1102 2358 1231 2403 οὗτος
1262 2359 1424 2412 ἐνίκηεε
1455 2360 1535 2411 τὴν
1565 2354 1627 2401 κδ’
1659 2362 1755 2402 πυθ.
1784 2360 1853 2402 καὶ

451 2428 454 2431 ’
490 2429 570 2480 τὴν
595 2424 655 2470 κε’
681 2429 782 2470 codd
806 2429 1109 2469 consentientes.
1163 2427 1299 2478 Atque
1328 2427 1371 2466 in
1400 2427 1532 2478 priore
1562 2426 1730 2466 victorin.
1761 2439 1851 2467 con-

389 2503 459 2535 490
491 2494 712 2536 sistendum
755 2507 840 2536 esse
881 2496 1002 2546 poeta
1044 2493 1160 2533 docet
1194 2491 1346 2532 Midam
1365 2548 1368 2551 .
1388 2492 1622 2543 simpliciter
1660 2493 1851 2533 victorem

488 2561 736 2602 renuntians.
797 2559 982 2609 Accedit,
1014 2557 1120 2609 quod
1147 2557 1251 2609 pyth
1283 2559 1340 2596 24
1370 2557 1475 2598 ludis
1505 2557 1727 2608 Apollineis
1757 2558 1850 2598 Pin-

489 2626 631 2666 darum
659 2626 889 2666 interfuisse
918 2617 1079 2664 'constat
1106 2624 1272 2674 propter
1300 2621 1334 2662 P
1358 2621 1428 2662 VI.

940 2735 1189 2776 NEMEA.

370 2821 409 2860 N
439 2821 460 2860 I
489 2821 601 2862 Inscr
625 2835 692 2862 om
715 2820 812 2871 BD,
839 2817 1009 2872 Χρομίῳ
1034 2816 1217 2873 Αἰτναίῳ
1240 2812 1500 2871 ἵπποι(’ΠῩ;
1523 2820 1628 2872 quod
1652 2835 1700 2862 ex
1723 2822 1849 2864 sehon

490 2884 644 2937 ἅρματι
668 2898 785 2937 recep
811 2886 867 2924 Er
887 2884 1047 2924 Schmid
1070 2886 1306 2936 praeoptare
1331 2878 1388 2939 (cl
1406 2899 1432 2925 v
1453 2881 1498 2941 7)
1523 2883 1674 2940 Bergk⁴
1690 2888 1849 2929 videtur

491 2951 541 2991 ad
571 2953 678 2992 inscr
708 2951 729 2990 Ι
759 2950 823 2989 ΙΠ
849 2965 877 3001 p
905 2951 1000 2991 332.
1063 2948 1245 3005 Αἰτναίῳ
1282 2945 1349 3006 (ex
1373 2950 1476 2991 Pind
1508 2952 1548 2992 N
1570 2953 1596 2992 Ι·
1617 2954 1656 3005 6,
1686 2954 1744 2994 Ix
1770 2950 1847 3012 30)
