2014 3360
324 217 411 259 388
842 220 1046 257 PINDARI
1069 221 1378 258 FRAGMENTA

441 329 729 369 Brevissimum
756 331 929 371 indicem
952 333 1038 373 vita
1063 346 1086 372 a
1110 334 1348 374 Nonnianae
1374 334 1545 385 quodam
1570 336 1668 375 artis
1695 331 1899 391 aemulo*)

327 395 550 446 composita
579 397 708 435 metro
738 396 897 436 heroico
928 397 1086 437 exhibet
1112 412 1165 439 vv
1192 401 1245 439 26
1267 413 1324 439 ss:
1355 396 1515 450 ἔμελψε
1547 399 1594 440 δὲ
1625 401 1754 442 κῦδο(
1783 398 1898 452 ἀγώ-

325 456 531 500 νωντῶν
555 458 756 511 πιεύρων,
788 459 991 512 μακάρων
1016 462 1226 514 παιήονα(
1251 461 1703 521 Τὰναδεδεγμένοθῆ
1733 465 1801 507 καὶ
1825 466 1897 518 μέ-

323 523 399 564 λο(
436 521 768 581 ὀρχηθμοῖοω)
804 527 919 568 θεῶν
955 523 997 567 τ’
1028 526 1246 578 ἐρικυδέα(
1283 526 1443 578 ὕμνου(
1478 527 1554 579 ἠδὲ
1593 528 1897 581 μελιφθόγγων

323 589 594 640 μελεδήματα
624 589 934 642 παρθενικάων.
995 593 1043 632 In
1070 607 1148 644 quo
1173 606 1262 633 cum
1288 594 1418 634 desint
1441 608 1520 634 non
1546 596 1674 635 solum
1697 610 1801 636 nova
1825 598 1897 636 illa

319 656 516 706 monstra,
554 653 821 706 ἐνθρονι(μοί
855 656 1030 708 βακχικά
1060 656 1255 709 δράματα
1285 657 1479 709 τραγικά,
1517 659 1586 699 sed
1617 661 1738 700 etiam
1769 674 1816 700 ex
1846 663 1896 702 iis

320 733 420 771 quae
446 720 519 760 cod
543 719 584 759 A
611 721 777 772 praebet
808 720 1015 771 προεόδια
1047 721 1295 774 διθύραμβοι
1325 722 1512 774 ἐγκώμια
1543 725 1701 776 θρῆνοι,
1734 727 1895 766 fuerunt

318 787 388 837 qui
418 800 543 826 unum
573 787 717 827 saltem
749 788 970 828 carminum
1000 801 1125 840 genus
1155 801 1388 840 recuperare
1420 792 1656 829 conarentur
1685 804 1711 830 v
1738 787 1863 845 27.†)

437 852 620 903 Apparet
649 853 776 905 igitur
806 853 855 893 de
885 853 1039 894 duobus
1070 854 1267 894 indicibus
1299 867 1382 895 esse
1414 856 1697 906 quaestionem,
1727 856 1775 895 de
1799 856 1895 896 Am·

315 917 502 957 brosiano
535 919 577 957 et
609 917 657 957 de
687 917 944 970 Hesychiano
974 920 1040 959 vel
1071 914 1377 973 Thomano.††)
1430 920 1564 971 Atque
1588 921 1894 961 Ambrosianum

317 984 479 1034 quidem
511 983 563 1023 ad
586 983 898 1035 Aristophanem
922 985 1163 1035 Byzantium
1187 987 1234 1024 ut
1256 986 1473 1025 referamus
1498 986 1618 1025 ceteri
1643 988 1894 1038 grammatici

313 1048 482 1088 suadent
520 1049 739 1089 secundum
776 1050 862 1090 eius
899 1050 1114 1090 editionem
1149 1051 1289 1101 procul
1326 1050 1446 1090 dubio
1483 1045 1710 1091 laudantes:
1746 1050 1795 1092 ἐν
1831 1053 1893 1106 τῷ

313 1111 475 1167 πρώτῳ
500 1113 591 1155 τῶν
617 1112 891 1166 διθυράμβων
916 1115 1026 1155 schol
1050 1116 1166 1167 Pina,
1191 1114 1239 1157 ἐν
1264 1117 1326 1170 τῷ
1351 1113 1510 1169 πρώτῳ
1535 1115 1624 1165 τῶν
1649 1113 1892 1166 παρθενίων

312 1179 424 1220 schol
448 1179 654 1232 Aristoph,
685 1178 850 1222 ἑν·τοἰ“(
882 1180 1207 1232 κεχωριεμένοι(
1237 1182 1327 1222 τῶν
1358 1178 1603 1231 παρθενίων
1634 1181 1758 1221 scholl
1788 1181 1892 1221 Pind

316 1247 357 1284 et
382 1245 544 1285 Theocr.
599 1246 783 1286 Alterum
814 1246 985 1286 indicem
1017 1260 1106 1286 cum
1136 1248 1179 1285 in
1209 1248 1469 1287 recentiorem
1501 1248 1672 1286 aetatem
1702 1249 1807 1286 recte
1831 1261 1890 1286 re-

312 1311 487 1363 legasset
521 1312 683 1351 Boeckh
720 1307 789 1367 (de
820 1312 1052 1352 Aristarcho
1090 1314 1269 1365 cogitans
1308 1312 1414 1363 expll
1446 1306 1570 1366 555),
1614 1312 1804 1352 Ernestus
1841 1313 1890 1352 de

309 1376 484 1417 Leutsch
521 1372 674 1432 (Philol
705 1378 763 1417 XI
790 1372 897 1432 176)
933 1378 1197 1430 Aristophani
1234 1379 1422 1428 obtrusit,
1457 1378 1695 1428 breviorem,
1730 1379 1773 1417 in
1810 1391 1888 1428 quo

312 1443 534 1482 carminum
564 1456 711 1495 genera
741 1444 874 1483 minus
905 1444 1106 1484 subtiliter
1137 1439 1230 1499 (hoc
1259 1457 1348 1483 cum
1372 1442 1572 1483 Boeckhio
1599 1438 1705 1497 556)
1736 1442 1887 1495 digere—

307 1510 464 1559 rentur,
503 1507 748 1549 Callimacho
788 1508 1031 1566 adscribens,
1069 1510 1180 1549 cuius
1211 1509 1453 1549 mentionem
1484 1508 1758 1551 Schneidewin
1787 1509 1886 1548 inie-

308 1576 418 1614 cerat
443 1569 568 1629 (must
591 1587 756 1626 prooem
779 1588 806 1626 p
829 1575 883 1615 25
903 1570 962 1630 n).
1011 1576 1146 1627 Bergk
1171 1577 1211 1614 et
1235 1574 1378 1615 indicis
1396 1574 1652 1614 Ambrosiani
1674 1575 1714 1613 et
1731 1573 1885 1614 Aristo-

303 1639 448 1690 phanis
480 1640 672 1698 honprem
701 1641 881 1680 restituit
910 1642 953 1680 in
984 1654 1030 1680 eo
1062 1641 1265 1681 discedens
1294 1655 1317 1680 a
1342 1639 1554 1690 Boeckhio,
1585 1639 1691 1690 quod
1707 1638 1887 1678 indicem

305 1705 355 1744 ab
388 1706 572 1757 epiniciis
603 1706 861 1757 incipientem
893 1708 933 1746 et
955 1706 1240 1758 Aristophanis
1270 1708 1310 1746 et
1343 1705 1577 1746 Callimachi
1609 1706 1739 1744 aetate
1770 1717 1884 1756 supe-

303 1771 450 1810 riorem
486 1772 648 1822 putavit
684 1773 905 1811 commotus
938 1773 1109 1812 maxime
1141 1772 1275 1812 scoliis
1306 1772 1356 1811 ab
1386 1771 1624 1811 Aristoxeno
1655 1765 1758 1826 (Ath
1788 1769 1884 1809 XIV

305 1830 448 1890 635⁶),
480 1849 503 1875 a
534 1836 808 1888 Theophrasto
840 1831 907 1892 (ut
931 1838 1057 1876 conici
1083 1837 1244 1888 quidem
1266 1837 1362 1876 licet
1384 1836 1468 1876 Ath
1492 1837 1529 1876 X
1555 1830 1696 1889 427⁶),
1727 1849 1751 1874 a
1783 1834 1882 1874 Cha-

302 1901 526 1941 maeleonte
558 1896 662 1956 (Ath
685 1902 786 1941 xm
812 1897 936 1956 573⁶)
968 1903 1114 1952 allatis,
1146 1916 1247 1953 quae
1279 1902 1503 1942 confirmari
1533 1901 1762 1941 viderentur
1789 1914 1882 1952 poe-

302 1968 370 2006 tae
394 1966 527 2006 verbis
551 1964 725 2008 τοιάνδε
744 1965 1006 2018 μελίφρονα(
1025 1964 1164 2018 ἀρχὰν
1182 1965 1419 2018 εὑρόμενον
1438 1966 1609 2007 (κολιοῦ
1634 1979 1675 2006 se
1699 1966 1880 2006 dicentis.

301 2032 430 2084 Atqui
454 2032 667 2072 scoliorum
695 2045 841 2072 nomen
866 2033 1093 2083 antiquitus
1113 2033 1295 2071 omnibus
1321 2032 1561 2071 carminibus
1586 2030 1759 2071 inditum
1783 2043 1880 2083 esse,

302 2110 404 2148 quae
435 2099 480 2138 in
510 2099 704 2139 conviviis
734 2101 827 2150 post
857 2097 1051 2150 paeanem
1082 2099 1234 2137 cantari
1267 2100 1338 2137 aut
1367 2097 1527 2136 recitari
1556 2098 1737 2147 possent,
1774 2108 1878 2136 nunc

301 2163 462 2214 quidem
493 2176 630 2204 omnes
661 2164 924 2204 consentiunt.
986 2163 1063 2203 Sed
1091 2163 1284 2214 'quoniam
1308 2163 1441 2214 Bergk
1470 2163 1513 2200 in
1543 2162 1779 2212 fragmentis
1809 2161 1877 2201 ad-

299 2228 487 2268 ornandis
518 2229 859 2280 Aristophanem
893 2229 1018 2268 ferme
1055 2228 1234 2268 ordinem
1270 2229 1428 2267 secutus
1458 2229 1537 2277 est,
1572 2226 1673 2265 nihil
1705 2226 1876 2279 amplius

297 2294 396 2332 mali
427 2306 474 2333 ex
504 2306 636 2333 errore
666 2295 738 2334 illo
768 2294 1018 2334 redundavit.

418 2358 565 2399 Suidae
594 2359 713 2399 index
742 2373 822 2411 qua
845 2361 1002 2400 ratione
1027 2373 1075 2399 ex
1098 2358 1393 2410 Aristophaneo
1418 2359 1529 2397 ortus
1553 2370 1638 2398 esse
1661 2356 1875 2407 videretur,

294 2424 393 2465 scite
424 2425 609 2476 exposuit
638 2420 782 2480 (Herm
810 2427 879 2475 21,
906 2425 1034 2475 1886,
1060 2419 1166 2478 366)
1195 2425 1266 2475 qui
1288 2423 1391 2463 hanc
1416 2422 1629 2463 editionem
1659 2424 1874 2474 paraturus

294 2492 381 2531 erat
411 2490 622 2531 Eduardus
653 2490 795 2531 Hfller.

410 2575 443 2622 *)
469 2575 609 2611 Docuit
634 2575 730 2611 Arth
754 2574 936 2611 Ludwich
961 2574 1021 2611 Rh
1046 2574 1131 2610 Mus
1156 2578 1214 2620 34,
1241 2577 1347 2621 1879,
1372 2577 1442 2610 358
1462 2585 1509 2610 ss.

389 2623 442 2670 **)
468 2625 762 2668 ἀναδεδεγμένο(
786 2623 885 2659 codd
909 2623 1016 2669 Euat,
1041 2624 1328 2667 ἐνδεδεγμένου(
1352 2622 1411 2658 vel
1435 2622 1728 2667 ἐνδεδαγμένου(
1751 2620 1832 2657 rell.

367 2671 440 2717 m)
465 2672 670 2717 ὀρχηθμοῖο
696 2670 794 2707 codd
818 2670 924 2717 Euat,
949 2676 1058 2716 -μοῖα
1082 2670 1235 2706 Boeckh
1261 2682 1282 2706 c
1304 2670 1384 2706 rell.

397 2719 438 2765 †)
462 2720 612 2764 ἀνδράει
625 2720 797 2765 θρήνους,
812 2721 853 2755 ἓν
873 2721 913 2756 δέ
932 2731 975 2756 τε
994 2719 1167 2766 θρήνους
1181 2720 1221 2754 ἒν
1242 2719 1276 2754 δ’
1295 2718 1494 2763 ἐλεγείουε,
1519 2718 1560 2752 ἓν
1579 2717 1868 2771 δὲᾳθρονιςμούς.
1916 2733 1918 2735 -

376 2768 440 2812 ††)
466 2765 522 2801 De
553 2766 633 2802 vita
657 2765 853 2802 Thomana
883 2768 950 2802 aut
982 2766 1029 2802 de
1061 2765 1271 2812 appendice
1296 2763 1578 2801 vindobonensi
1610 2764 1869 2809 quaestionem

290 2812 442 2860 longius
466 2813 643 2859 persequi
668 2825 754 2849 cum
778 2825 854 2850 non
879 2814 930 2850 sit
952 2813 1066 2850 huius
1090 2812 1182 2848 loci:
1207 2813 1249 2847 id
1273 2823 1341 2858 per
1365 2823 1404 2848 se
1428 2810 1626 2859 probabile
1651 2811 1689 2846 et
1707 2809 1868 2845 Thoma-

290 2870 379 2895 nam
404 2861 522 2896 vitam
546 2863 586 2896 et
610 2861 750 2897 Suidae
774 2861 939 2897 indicem
963 2861 1014 2897 ad
1039 2860 1287 2907 epiniciorum
1310 2860 1418 2896 illam
1442 2858 1646 2895 editionem
1671 2856 1868 2892 celeberri-

290 2917 392 2942 mam
416 2908 622 2953 pertinere;
657 2909 758 2944 unde
783 2909 1032 2954 epiniciorum
1056 2910 1223 2954 ipsorum
1248 2907 1417 2943 ordinem
1441 2907 1676 2944 Thomanum
1704 2904 1765 2950 (dc
1791 2915 1865 2948 quo

288 2953 364 2999 prll
387 2966 413 2999 p
433 2957 493 3000 54)
518 2954 707 3000 Hesychio
731 2956 888 2991 reddere
913 2956 1108 2992 voluimus.
1869 2979 1872 2982 -
