2014 3360
771 199 1144 238 PROLEGOMENA
1168 200 1222 237 IV
1729 199 1783 243 '¹11

407 316 526 357 ficare
555 317 676 369 poeta
699 314 860 357 videtur
886 315 1074 355 13-17,
1133 313 1302 355 Gai-men
1325 313 1570 355 Nemeaeum
1597 307 1682 368 (m
1702 308 1779 370 11)

406 383 513 423 inter
541 381 712 423 Isthmia
742 380 921 421 delatum
957 393 1061 432 esse,
1101 380 1292 431 quoniam
1328 392 1487 421 carmen
1517 379 1780 420 Isthmiacum

409 443 491 503 (IV
517 442 564 504 2)
594 460 675 488 non
705 447 837 489 solum
864 447 909 486 in
939 445 1117 487 eiusdem
1139 446 1305 487 victoris
1328 445 1532 497 honorem,
1562 445 1632 486 sed
1656 446 1780 486 etiam

406 513 450 554 id
486 513 594 566 quod
630 513 833 566 singulare
868 512 1013 553 iisdem
1047 512 1225 553 numeris
1263 513 1528 564 compositum
1562 511 1684 552 tertio
1725 512 1780 552 sit

408 580 599 632 amplius,
640 579 806 621 tertium
849 581 986 619 autem
1027 579 1219 630 quoniam
1261 575 1312 618 ad
1348 578 1527 618 curulem
1567 577 1780 618 victoriam

407 648 560 699 spectet
609 647 752 698 quarto
799 645 1067 698 praemissum
1096 655 1201 685 ’8888
1220 654 1222 656 ·
1243 644 1443 684 sententia
1486 644 1548 684 est
1588 637 1779 696 Bergki'i4

404 726 432 764 p
471 713 570 752 333.
657 711 822 752 Veteres
870 710 1154 764 grammaticos
1202 710 1448 750 Nemeaeum
1496 722 1656 750 carmen
1703 721 1778 762 pro

405 777 622 818 Isthmiaco
651 778 838 818 habuisse
867 777 1026 817 facilius
1057 775 1293 835 crediderim
1323 776 1360 816 cl
1382 775 1447 815 111
1474 777 1540 816 11.

258 844 286 886 ,Ι
315 843 376 883 IV
398 843 518 890 ,111801-
548 856 615 884 0111
643 844 756 894 libri,
793 840 1006 898 τῷαύτῷ
1038 839 1235 896 Μελίςςῳ
1269 841 1503 895 Calliergus,
1535 839 1642 883 Μελ.
1675 838 1778 892 Θηβ.

405 906 656 963 παγκρατίῳ
696 909 842 962 Bergk.
902 908 953 948 In
982 909 1026 949 D
1062 909 1240 949 carmina
1281 899 1356 948 111.
1390 907 1452 947 Iv
1493 907 1779 948 continuantur

405 988 487 1016 non
517 988 629 1017 secus
655 976 776 1027 atque
806 974 829 1014 I
852 974 905 1015 Π,
930 974 995 1014 ΙΠ
1024 968 1094 1030 ((18
1117 974 1158 1031 N
1175 974 1269 1014 m
1287 973 1402 1025 vm,
1426 973 1448 1013 Ι
1465 973 1515 1013 V.
1534 973 1595 1012 VI
1619 985 1778 1013 accura-

404 1042 486 1082 tius
519 1054 640 1093 quam
669 1041 713 1081 iii
744 1040 820 1081 edd
850 1041 913 1094 Ty
941 1041 1164 1082 Mommsen
1193 1053 1368 1093 parergg
1399 1035 1459 1096 5),
1489 1040 1533 1079 in
1562 1039 1604 1079 B
1634 1039 1779 1079 lacuna

405 1108 635 1160 interiecta3
665 1107 793 1149 8011οΠ
815 1109 920 1148 metr
945 1109 986 1149 et
1009 1107 1074 1147 ῙΠ
1098 1110 1140 1147 et
1162 1106 1223 1146 IV
1247 1120 1314 1148 om
1337 1106 1392 1158 D,
1421 1106 1544 1146 habet
1574 1099 1647 1161 (ad
1671 1117 1779 1145 carm

404 1173 483 1214 IV:
512 1173 592 1214 τοῦ
623 1170 832 1224 τετάρτου
864 1169 1008 1214 εἴδους
1037 1170 1064 1224 ἡ
1091 1171 1257 1224 ςτροφὴ
1290 1203 1300 1213 .
1321 1203 1361 1213 ..
1395 1169 1558 1213 ταύτὸν
1591 1168 1682 1222 ἔχει
1715 1171 1779 1225 τῷ

404 1234 555 1295 τρίτῳ)
585 1238 646 1290 Β,
689 1240 733 1280 cf
758 1239 884 1280 8011011
914 1241 1020 1280 metr
1048 1238 1129 1280 τοῦ
1159 1237 1371 1288 πέμπτου,
1408 1235 1552 1288 ἕκτου,
1590 1233 1778 1288 ἑβδόμου

405 1301 550 1346 εἴδους
581 1307 623 1346 et
652 1303 704 1346 τὸ
735 1301 900 1355 ὄγδοον
931 1301 1048 1346 εἶδος
1078 1304 1132 1344 Β.
1188 1303 1354 1345 Gramin
1383 1305 1471 1344 vett
1495 1303 1674 1343 carmina
1698 1302 1777 1344 dis-

403 1372 604 1424 pescuisse
640 1372 755 1412 testis
793 1373 854 1412 est
893 1368 942 1412 ἐν
973 1372 1024 1424 τῇ
1057 1367 1154 1420 ἑξῆς
1192 1368 1283 1423 ᾠδῇ
1324 1369 1374 1410 (18
1415 1369 1589 1410 carmine
1630 1371 1776 1421 quarto

406 1437 555 1478 addens
586 1437 696 1478 schol
722 1437 744 1477 1
767 1437 832 1477 111
858 1438 915 1477 24
945 1450 972 1488 p
1000 1437 1101 1488 398,
1128 1437 1196 1476 14.
1252 1431 1440 1476 ‘Videtur
1468 1435 1552 1475 iam
1583 1436 1778 1487 antiquis-

405 1504 516 1544 simis
547 1504 794 1555 temporibus
826 1516 874 1544 ea
904 1502 1091 1543 carminis
1121 1514 1216 1554 pars
1247 1514 1350 1553 quae
1380 1513 1489 1542 nunc
1519 1501 1656 1553 quarti
1693 1513 1777 1541 car-

404 1570 524 1610 minis
563 1569 730 1610 titulum
769 1570 875 1623 gerit
914 1582 939 1608 a
974 1567 1218 1620 *quibusdam
1257 1567 1549 1619 exemplaribus
1591 1567 1776 1608 abfuisse.

404 1635 452 1675 Id
483 1638 525 1676 et
553 1636 660 1676 inscr
688 1633 840 1676 ἵπποις
869 1634 1023 1681 indicat
1052 1637 1094 1675 et
1125 1646 1228 1686 quae
1259 1634 1345 1674 eius
1373 1632 1631 1685 explicandae
1658 1646 1781 1674 causa

403 1701 637 1743 scholiastes
667 1697 784 1741 dixit'
814 1700 1022 1742 Hermann
1053 1713 1103 1752 ap
1134 1700 1350 1752 Heynium.
1406 1698 1594 1739 Oai-mina
1624 1698 1704 1740 duo
1734 1700 1778 1739 in

402 1781 530 1808 unum
559 1766 828 1820 coniungebat
853 1769 948 1819 post
970 1747 1176 1819 Heynium
1201 1767 1243 1807 et
1265 1765 1554 1816 Hermannum,
1584 1776 1777 1817 παγκρα-

402 1830 481 1886 τίῳ
513 1833 714 1874 communi
743 1833 865 1874 titulo
897 1832 1136 1883 adscribens,
1166 1832 1347 1883 Boeckh,
1381 1832 1623 1884 obloquente
1652 1831 1776 1884 Berg-

402 1895 534 1951 kion,
570 1900 641 1951 qui
671 1899 859 1940 carminis
889 1899 1002 1940 tertii
1030 1900 1189 1951 partein
1219 1900 1457 1949 exin-emam,
1493 1898 1630 1950 quarti
1666 1907 1776 1938 exor-

404 1964 517 2005 dium
557 1965 806 2006 intercidisse
848 1977 1085 2017 persuasum
1125 1964 1310 2005 habebat.
1385 1961 1530 2005 Tertii
1572 1960 1776 2005 carminis’

402 2022 542 2072 versus
577 2039 697 2072 XVIII
731 2033 826 2084 post
860 2031 1073 2072 victoriam
1102 2030 1278 2071 Nemeae
1312 2032 1474 2082 partam
1511 2031 1656 2082 quarto
1695 2042 1777 2070 non

403 2097 653 2151 ineleganter
695 2091 759 2152 (in
795 2098 1034 2148 yldnzender
1065 2090 1214 2152 Weiss)
1255 2095 1453 2148 praefixos
1492 2108 1578 2137 esse
1622 2096 1778 2137 censuit

406 2162 530 2206 Oonst
552 2163 671 2205 Bulle
692 2156 818 2217 {ingr
842 2163 952 2204 schol
978 2163 1085 2215 prim
1108 2163 1301 2204 Bremens
1335 2163 1464 2214 1869,
1493 2161 1648 2203 Jahrbb
1674 2162 1776 2204 class

403 2230 497 2271 Phil
530 2231 630 2281 103,
662 2230 792 2280 1871,
824 2230 929 2281 5853
970 2230 1149 2270 carmina
1177 2242 1259 2269 uno
1290 2229 1408 2280 quasi
1438 2228 1585 2281 spiritu
1622 2229 1776 2268 cantari

404 2297 601 2350 potuisse·
622 2298 665 2337 et
699 2296 846 2349 negavi
881 2289 1022 2351 (studd
1057 2295 1091 2335 P
1123 2292 1280 2348 [1878]
1317 2289 1454 2351 1-3)
1492 2296 1534 2335 et
1569 2307 1691 2348 nego3
1727 2294 1776 2335 de

405 2363 541 2415 quarti
570 2362 690 2403 initio
721 2358 808 2402 ἔςτι
839 2373 911 2412 μοι
941 2361 1056 2403 θεῶν
1088 2359 1205 2403 ἕκατι
1236 2358 1365 2412 μυρία
1390 2360 1535 2414 παντᾷ
1559 2359 1775 2410 κέλευθος,

405 2425 442 2469 ὦ
474 2422 698 2485 Μέλιςς(ε)
729 2459 768 2469 ..
789 2458 818 2479 .,
861 2424 1069 2479 ὑμετέρας
1105 2423 1262 2478 ἀρετὰς
1299 2423 1421 2481 ὕμνῳ
1459 2423 1630 2468 διώκειν
1670 2438 1776 2466 1111110

405 2495 448 2535 cf
479 2494 656 2547 Bacchyl
695 2494 792 2535 XIX
831 2496 854 2535 1
900 2490 1076 2544 πάρεςτι
1115 2490 1242 2544 μυρία
1285 2491 1490 2534 κέλευθος
1533 2487 1776 2542 ἀμβροςίων

367 2594 381 2600 -
404 2559 608 2613 μελέων
660 2591 670 2602 .
702 2562 744 2602 et
773 2560 813 2600 V
839 2562 915 2612 31,
950 2562 1044 2612 post
1072 2559 1290 2601 Hieronem
1330 2554 1543 2614 (victorem
1573 2558 1614 2598 01
1647 2559 1772 2608 76,1

400 2646 459 2662 εει
485 2622 595 2683 476)
626 2592 858 2669 invocatum
894 2627 1132 2679 aquilaeque
1169 2626 1283 2667 illam
1318 2626 1537 2679 imaginem
1571 2624 1775 2676 praeclare

404 2692 618 2746 depictam,
648 2691 735 2734 τὼς
766 2693 847 2734 νῦν
878 2691 947 2734 καὶ
978 2690 1074 2743 ἐμοὶ
1105 2689 1234 2742 μυρία
1264 2692 1409 2744 παντᾷ
1439 2689 1643 2731 κέλευθος
1674 2687 1773 2739 ὑμε-

402 2757 536 2809 τέραν
567 2755 727 2809 ἀρετὰν
750 2755 914 2809 ὑμνεῖν.
963 2758 1180 2800 Isthmiaco
1204 2758 1331 2811 igitur
1355 2757 1529 2798 carmine
1554 2756 1774 2807 composito

405 2823 683 2876 choreutisque
713 2825 883 2866 fortasse
913 2825 996 2865 iam
1025 2824 1228 2876 mandato,
1258 2826 1306 2864 ut
1333 2821 1591 2864 redeuntibus
1616 2821 1773 2862 sollem-

404 2889 523 2929 nibus
559 2889 786 2930 Isthmiacis
824 2892 1028 2942 ageretur,
1066 2891 1173 2941 tum,
1216 2890 1345 2931 tribus
1382 2890 1464 2930 fere
1502 2889 1595 2927 ante
1633 2887 1773 2928 comis-

404 2953 572 2995 sationis
599 2954 786 3007 publicae
816 2954 923 2995 diem
952 2955 1155 2996 mensibus
1184 2955 1385 2996 Nemeaea
1421 2955 1584 3007 accepta
1615 2965 1774 3004 corona,
