2014 3360
939 193 1187 231 PINDARVS

492 302 519 347 ὁ
555 302 832 356 εἰδογράφος,
875 302 980 347 ἔνιοι
1022 305 1081 347 δὲ
1107 303 1440 357 Παναθηναϊκόν
1477 300 1540 361 (id
1575 305 1682 366 quod
1716 306 1848 348 voluit

489 371 733 428 ¹interpolato
761 384 789 411 v
819 372 850 411 3·
877 371 1062 421 λιπαρᾶν
1092 367 1177 412 ἀπ’
1199 367 1381 421 Ἀθηνᾶν
1413 367 1617 422 [Ἀθανᾶν
1648 373 1753 412 certe
1777 371 1844 412 de·

491 435 629 488 bebat]
661 436 877 490 Dionysius
906 431 1140 492 Phaselita).
1198 436 1384 477 Curulem
1413 437 1623 477 victoriam
1653 436 1847 489 quadriga

493 514 686 552 equorum
721 501 986 552 perfectorum
1018 502 1190 542 relatam
1223 503 1423 542 testantur
1462 515 1515 542 vv
1540 503 1579 541 4.
1606 503 1681 552 11,
1718 514 1847 553 neque

491 567 718 618 refragatur
754 566 859 617 quod
896 566 1019 606 Hiero
1059 564 1263 617 ἐδάμαςςε
1306 564 1482 607 πώλους
1522 579 1548 606 v
1572 567 1619 613 8.
1678 566 1848 618 Pmpter

492 631 708 671 Locrorum
730 632 970 671 mentionem
993 646 1020 672 v
1041 633 1094 672 19
1121 632 1270 672 factam
1295 644 1452 671 carmen
1476 631 1740 682 compositum
1763 643 1848 672 esse
1899 646 1904 651 ·

492 699 586 748 post
610 696 650 736 ol
671 698 694 735 7
700 697 779 746 5,4
803 708 959 737 necesse
984 699 1056 748 est,
1079 697 1193 737 brevi
1215 699 1308 748 post
1325 709 1406 736 non
1425 698 1486 736 est
1503 708 1672 736 necesse.
1713 697 1848 748 Atque

494 763 582 801 tum
611 761 769 801 demum
789 762 996 813 scriptum
1032 774 1116 802 esse
1147 774 1239 802 cum
1266 762 1520 801 familiariter
1549 761 1724 802 Hierone
1753 773 1848 803 usus

494 827 578 867 eius
608 827 812 879 ingenium
842 829 883 867 et
910 840 1040 868 mores
1069 828 1230 879 penitus
1259 829 1380 879 poeta
1414 827 1732 878 introspexisset,
1766 839 1848 867 rec-

493 893 645 932 tissime
681 893 906 933 observavit
934 893 1070 945 Bergk
1106 906 1173 933 eos
1207 891 1469 944 redarguens,
1506 892 1576 943 qui
1614 893 1707 932 ante
1737 903 1849 944 pere-

493 956 758 1011 grinationem
789 957 1036 998 Siciliensem
1065 952 1214 1013 (476l7
1220 952 1267 1013 5)
1304 958 1524 997 carminum
1559 958 1603 996 in
1635 957 1851 997 Hieronem

492 1023 689 1063 factorum
723 1024 897 1075 primum
934 1037 957 1063 a
993 1025 1114 1075 poeta
1143 1023 1288 1063 Thebis
1324 1023 1603 1063 transmissum
1639 1035 1723 1063 esse
1759 1034 1850 1063 con·
1882 1020 1885 1024 ’

493 1088 722 1129 tendissent.
770 1088 828 1129 At
860 1089 1057 1140 siquidem
1086 1101 1215 1140 neque
1244 1089 1406 1128 morbus
1434 1089 1541 1140 regis
1572 1100 1850 1128 commemora-

492 1156 560 1194 tur
600 1167 727 1206 neque
764 1156 836 1194 aut
873 1153 1094 1194 Cumanum
1133 1154 1285 1194 bellum
1327 1156 1398 1193 aut
1434 1153 1595 1193 omnino
1631 1153 1851 1194 recentiora

491 1219 644 1271 proelia
682 1233 736 1260 vv
768 1221 805 1259 2.
832 1220 1006 1260 64—65
1039 1219 1256 1272 significari
1290 1218 1494 1269 videntur,
1538 1218 1603 1258 vel
1640 1220 1851 1270 propterea

293 1328 297 1332 s
491 1285 700 1326 victoriam
742 1285 919 1325 curulem
959 1298 1039 1325 non
1075 1285 1233 1337 Pythiis
1270 1285 1358 1324 470
1402 1286 1474 1323 aut
1516 1283 1714 1335 Olympiis
1752 1284 1852 1334 468,

371 1357 466 1391 475?
496 1350 565 1391 sed
612 1350 717 1390 ludis
765 1351 898 1390 nescio
944 1351 1087 1402 quibus
1132 1351 1218 1390 475
1260 1351 1507 1401 reportatam
1554 1349 1747 1388 nuntiari
1766 1362 1793 1389 v
1823 1349 1851 1388 4

492 1416 578 1456 veri
607 1416 736 1455 simile
767 1418 838 1456 est.
890 1415 1064 1456 Reticeri
1094 1415 1280 1455 ludorum
1309 1427 1454 1454 nomen
1484 1415 1558 1454 etsi
1590 1426 1671 1454 non
1701 1415 1763 1454 est
1791 1413 1850 1453 in-

493 1480 674 1521 auditum
703 1475 749 1536 (v
778 1481 811 1520 P
842 1481 901 1521 XI
930 1482 1001 1531 46,
1031 1481 1101 1520 ubi
1131 1481 1333 1521 obscurior
1363 1480 1499 1531 aliqua
1527 1479 1655 1530 patris
1685 1478 1853 1520 victoria

492 1541 723 1602 indicatur),
752 1548 887 1587 tamen
918 1558 1009 1586 cum
1031 1546 1151 1586 huius
1176 1545 1361 1585 carminis
1385 1545 1563 1585 versibus
1591 1545 1614 1584 1
1630 1556 1669 1585 ss
1692 1544 1853 1597 initium

495 1611 655 1663 quidem
678 1612 893 1652 habeamus
917 1612 1015 1652 iusti
1039 1612 1215 1663 epinicii,
1241 1611 1371 1651 facere
1395 1623 1476 1651 non
1504 1622 1726 1661 possumus,
1757 1609 1853 1660 quin

493 1677 573 1717 τᾶν
598 1677 783 1727 λιπαρᾶν
808 1675 895 1718 ἀπὸ
920 1676 1067 1727 Θηβᾶν
1092 1676 1242 1727 φέρων
1274 1676 1403 1726 μέλος
1435 1674 1613 1726 ἔρχομαι
1644 1671 1850 1723 ἀγγελίαν

494 1742 569 1782 κτλ
601 1754 689 1782 cum
719 1742 919 1783 Boeekhio
951 1742 1002 1782 ad
1031 1743 1240 1783 victoriam
1262 1741 1467 1781 Heracleis
1498 1740 1695 1781 Thebanis
1725 1733 1862 1794 (schol'

494 1807 620 1847 Ambr
650 1807 683 1847 Ο
713 1808 772 1848 IX
805 1809 910 1859 148,
946 1807 1055 1848 schol
1086 1808 1125 1847 N
1155 1806 1214 1846 IV
1247 1802 1323 1861 32)
1358 1808 1518 1857 partam
1557 1806 1775 1845 referamus
1817 1805 1854 1844 cl

494 1873 662 1924 sicyonii
707 1874 867 1924 epinieii
912 1872 1073 1913 exordio
1122 1868 1379 1922 Κωμὰςομεν
1428 1867 1537 1921 παρ’
1579 1867 1854 1911 Ἀπόλλωνος

497 1935 759 1988 Σεκυωνόθε,
791 1937 960 1980 Μοῑςαι.

349 2003 381 2042 Ρ
406 2003 469 2042 ΠΙ
496 2000 654 2053 Ἱέρωνι
678 2000 952 2056 (Συρακοςίῳ
984 2002 1062 2042 add
1088 1999 1276 2055 Boeckh>
1295 2024 1351 2030 -
1371 2001 1594 2053 νικήςαντι,
1608 2000 1750 2052 κέλητι
1773 2000 1853 2052 τὴν

496 2064 563 2118 κς’
585 2064 670 2123 (κε’
697 2069 731 2109 0
747 2069 1039 2118 Drachmanno‚
1070 2064 1140 2116 κγ’
1164 2070 1244 2108 tres
1275 2068 1363 2108 dett
1392 2068 1636 2108 Mommseno
1665 2062 1853 2122 testibus)

494 2132 564 2174 καὶ
602 2129 664 2176 κζ’
697 2131 884 2175 πυθιάδα
920 2128 980 2188 (Β
990 2133 1070 2173 OD
1087 2127 1158 2189 V).
1218 2133 1332 2174 Adde
1367 2134 1564 2174 famosum
1602 2132 1705 2173 illud
1743 2131 1854 2173 scho—

496 2199 596 2239 lium
625 2194 955 2254 (BC'DEGV):
984 2196 1141 2257 Ἱέρωνι
1172 2197 1314 2239 Πύθια
1339 2198 1552 2249 νικήςαντι
1582 2197 1661 2247 τὴν
1686 2193 1750 2239 κζ’
1774 2208 1853 2238 πυ-

497 2261 623 2304 θιάδα
665 2260 960 2319 (γέγραπται)·
1006 2262 1210 2313 μέμνηται
1253 2263 1300 2304 δὲ
1343 2262 1413 2304 καὶ
1454 2264 1530 2314 τῆς
1572 2261 1658 2313 πρὸ
1698 2260 1855 2313 ταύτης

497 2326 716 2380 πυθιάδος,
735 2327 843 2370 ὥςτε
869 2326 941 2369 ἐπὶ
958 2328 1052 2369 ταῖς
1078 2326 1158 2369 δύο
1183 2325 1316 2369 νίκαις
1334 2327 1414 2379 τὴν
1433 2326 1549 2381 ᾠδὴν
1568 2324 1854 2377 ςυντετάχθαι.

498 2393 667 2447 ςυνᾲδει
698 2393 746 2435 δὲ
778 2392 847 2435 καὶ
875 2391 931 2434 τὰ
961 2390 1048 2434 ἀπὸ
1078 2393 1168 2434 τῶν
1201 2390 1384 2443 χρόνων.
1433 2389 1493 2433 ὡς
1523 2390 1605 2442 γὰρ
1635 2390 1715 2443 ἤδη
1743 2393 1853 2443 βαα-

500 2457 706 2501 λεύοντός
749 2469 895 2510 φηςιν·
939 2455 1010 2499 εὃς
1047 2457 1147 2509 Συρ.
1185 2468 1222 2498 ν.
1256 2459 1291 2509 β.
1328 2469 1397 2509 πρ.
1437 2452 1554 2498 ἀςτ.’.
1615 2454 1854 2498 καθίσταται

501 2521 588 2577 (-το
622 2520 726 2579 GV)
765 2523 812 2565 δὲ
845 2521 871 2564 ὁ
900 2522 1043 2575 Ἱέρων
1083 2522 1273 2574 βαςιλεὺς
1304 2521 1411 2563 κατὰ
1445 2521 1525 2573 τὴν
1561 2518 1631 2571 ος’
1661 2519 1744 2575 ὀλ.,
1779 2523 1855 2574 τῆς

499 2585 568 2640 κη’
586 2592 682 2631 πυθ.
707 2592 759 2643 τῇ
784 2587 1041 2642 προκειμένῃ
1066 2585 1132 2629 ὀλ.
1158 2584 1396 2639 ςυγχρόνου
1422 2584 1559 2637 οὔςης,
1584 2584 1691 2627 ὥςτε
1715 2584 1854 2638 πάντη

498 2666 545 2696 τε
576 2653 645 2695 καὶ
675 2653 850 2695 πάντως
882 2653 986 2704 μετὰ
1015 2653 1093 2704 τὴν
1130 2651 1309 2703 ὕςτερον
1340 2650 1544 2701 πυθιάδα,
1581 2649 1671 2702 ἥτις
1700 2651 1852 2701 γέγονε

501 2718 599 2770 περὶ
628 2719 707 2770 τὴν
738 2715 805 2760 οε’
831 2715 983 2775 (Philol
1009 2721 1078 2770 53,
1106 2720 1233 2768 1894,
1253 2719 1351 2768 724,
1382 2712 1451 2766 ος’
1469 2711 1578 2778 libb)
1602 2713 1854 2766 ὀλυμπιάδα,

501 2784 776 2835 ςυντετάχθαι
800 2784 928 2826 τόνδε
953 2783 1032 2825 τὸν
1056 2782 1261 2825 ἐπίνικον.
1307 2782 1467 2822 Invenit
1489 2782 1614 2834 igitur
1644 2782 1855 2823 scholiasta

500 2863 547 2890 ex
576 2849 902 2901 Pythionicarum
926 2850 1055 2890 indice
1085 2851 1268 2889 enotatas
1297 2847 1397 2889 duas
1427 2848 1614 2888 victorias
1644 2851 1855 2900 equestres,

501 2915 669 2967 alteram
698 2916 799 2966 pyth
832 2917 910 2966 26,
931 2916 1099 2955 alteram
1128 2914 1230 2967 pyth
1255 2914 1310 2953 2⁷
1343 2912 1594 2965 adscriptam,
1634 2913 1738 2955 unde
1765 2923 1855 2955 cum
