<?xml version="1.0" encoding="UTF-8"?>
<!DOCTYPE html PUBLIC "-//W3C//DTD XHTML 1.0 Transitional//EN"
    "http://www.w3.org/TR/xhtml1/DTD/xhtml1-transitional.dtd">
<html xmlns="http://www.w3.org/1999/xhtml" xml:lang="en" lang="en">
 <head>
  <title>
</title>
<meta http-equiv="Content-Type" content="text/html;charset=utf-8" />
  <meta name='ocr-system' content='tesseract 3.04.00' />
  <meta name='ocr-capabilities' content='ocr_page ocr_carea ocr_par ocr_line ocrx_word'/>
</head>
<body>
  <div class='ocr_page' id='page_1' title='image "./pt1poetaelyricig01berguoft/pt1poetaelyricig01berguoft_0058.png"; bbox 0 0 2014 3360; ppageno 0'>
   <div class='ocr_carea' id='block_1_1' title="bbox 306 190 1206 262">
    <p class='ocr_par' dir='ltr' id='par_1_1' title="bbox 306 190 1206 262">
     <span class='ocr_line' id='line_1_1' title="bbox 306 190 1206 262; baseline -0.01 0"><span class='ocrx_word' id='word_1_1' title='bbox 306 219 366 262; x_wconf 86' lang='lat'><strong>50</strong></span> <span class='ocrx_word' id='word_1_2' title='bbox 922 190 924 193; x_wconf 49' lang='grc'><em>’</em></span> <span class='ocrx_word' id='word_1_3' title='bbox 961 217 1206 254; x_wconf 77' lang='lat' dir='ltr'><strong>PmDARvs</strong></span> 
     </span>
    </p>
   </div>
   <div class='ocr_carea' id='block_1_2' title="bbox 90 326 1876 1824">
    <p class='ocr_par' dir='ltr' id='par_1_2' title="bbox 90 326 1876 1824">
     <span class='ocr_line' id='line_1_2' title="bbox 305 326 1875 381; baseline 0.001 -11"><span class='ocrx_word' id='word_1_4' title='bbox 305 331 480 370; x_wconf 83' lang='lat' dir='ltr'><strong>sentiunt</strong></span> <span class='ocrx_word' id='word_1_5' title='bbox 506 329 616 370; x_wconf 85' lang='lat' dir='ltr'><strong>Grisa</strong></span> <span class='ocrx_word' id='word_1_6' title='bbox 645 330 741 369; x_wconf 90' lang='lat' dir='ltr'><strong>urbe</strong></span> <span class='ocrx_word' id='word_1_7' title='bbox 773 330 889 380; x_wconf 87' lang='lat' dir='ltr'><strong>capta</strong></span> <span class='ocrx_word' id='word_1_8' title='bbox 920 330 1070 370; x_wconf 84' lang='lat' dir='ltr'><strong>exuviis</strong></span> <span class='ocrx_word' id='word_1_9' title='bbox 1093 330 1247 372; x_wconf 81' lang='lat' dir='ltr'><strong>bellicis</strong></span> <span class='ocrx_word' id='word_1_10' title='bbox 1271 329 1573 381; x_wconf 88' lang='lat' dir='ltr'><strong>Amphictionas</strong></span> <span class='ocrx_word' id='word_1_11' title='bbox 1597 326 1690 371; x_wconf 80' lang='lat' dir='ltr'><strong>usos</strong></span> <span class='ocrx_word' id='word_1_12' title='bbox 1714 342 1798 371; x_wconf 86' lang='lat' dir='ltr'><strong>esse</strong></span> <span class='ocrx_word' id='word_1_13' title='bbox 1823 329 1875 371; x_wconf 80' lang='lat' dir='ltr'><strong>ad</strong></span> 
     </span>
     <span class='ocr_line' id='line_1_3' title="bbox 303 394 1874 448; baseline 0 -12"><span class='ocrx_word' id='word_1_14' title='bbox 303 397 471 436; x_wconf 86' lang='lat' dir='ltr'><strong>victores</strong></span> <span class='ocrx_word' id='word_1_15' title='bbox 502 395 728 435; x_wconf 76' lang='lat' dir='ltr'><strong>certaminis</strong></span> <span class='ocrx_word' id='word_1_16' title='bbox 757 395 913 446; x_wconf 83' lang='lat' dir='ltr'><strong>pythici</strong></span> <span class='ocrx_word' id='word_1_17' title='bbox 941 395 1203 446; x_wconf 84' lang='lat' dir='ltr'><strong>honorandos,</strong></span> <span class='ocrx_word' id='word_1_18' title='bbox 1232 397 1329 435; x_wconf 92' lang='lat' dir='ltr'><strong>tunc</strong></span> <span class='ocrx_word' id='word_1_19' title='bbox 1351 396 1525 446; x_wconf 89' lang='lat' dir='ltr'><strong>primum</strong></span> <span class='ocrx_word' id='word_1_20' title='bbox 1548 394 1653 436; x_wconf 81' lang='lat' dir='ltr'><strong>ludis</strong></span> <span class='ocrx_word' id='word_1_21' title='bbox 1678 395 1874 448; x_wconf 81' lang='lat' dir='ltr'><strong>gymnicis</strong></span> 
     </span>
     <span class='ocr_line' id='line_1_4' title="bbox 305 460 1874 512; baseline 0.001 -12"><span class='ocrx_word' id='word_1_22' title='bbox 305 460 449 501; x_wconf 80' lang='lat' dir='ltr'><strong>additis</strong></span> <span class='ocrx_word' id='word_1_23' title='bbox 494 461 701 501; x_wconf 89' lang='lat' dir='ltr'><strong>certamini</strong></span> <span class='ocrx_word' id='word_1_24' title='bbox 736 460 905 510; x_wconf 84' lang='lat' dir='ltr'><strong>musico,</strong></span> <span class='ocrx_word' id='word_1_25' title='bbox 945 460 1051 511; x_wconf 82' lang='lat' dir='ltr'><strong>quod</strong></span> <span class='ocrx_word' id='word_1_26' title='bbox 1089 461 1253 511; x_wconf 88' lang='lat' dir='ltr'><strong>antiquo</strong></span> <span class='ocrx_word' id='word_1_27' title='bbox 1289 473 1398 500; x_wconf 88' lang='lat' dir='ltr'><strong>more</strong></span> <span class='ocrx_word' id='word_1_28' title='bbox 1434 473 1539 501; x_wconf 89' lang='lat' dir='ltr'><strong>nono</strong></span> <span class='ocrx_word' id='word_1_29' title='bbox 1577 473 1733 512; x_wconf 84' lang='lat' dir='ltr'><strong>quoque</strong></span> <span class='ocrx_word' id='word_1_30' title='bbox 1769 473 1874 501; x_wconf 88' lang='lat' dir='ltr'><strong>anno</strong></span> 
     </span>
     <span class='ocr_line' id='line_1_5' title="bbox 303 525 1874 576; baseline 0.001 -10"><span class='ocrx_word' id='word_1_31' title='bbox 303 526 474 566; x_wconf 75' lang='lat' dir='ltr'><strong>indicere</strong></span> <span class='ocrx_word' id='word_1_32' title='bbox 511 527 620 566; x_wconf 87' lang='lat' dir='ltr'><strong>soliti</strong></span> <span class='ocrx_word' id='word_1_33' title='bbox 657 527 787 565; x_wconf 85' lang='lat' dir='ltr'><strong>erant:</strong></span> <span class='ocrx_word' id='word_1_34' title='bbox 830 525 899 565; x_wconf 88' lang='lat' dir='ltr'><strong>sed</strong></span> <span class='ocrx_word' id='word_1_35' title='bbox 929 525 977 565; x_wconf 86' lang='lat' dir='ltr'><strong>de</strong></span> <span class='ocrx_word' id='word_1_36' title='bbox 1007 527 1185 576; x_wconf 85' lang='lat' dir='ltr'><strong>tempore</strong></span> <span class='ocrx_word' id='word_1_37' title='bbox 1215 525 1332 566; x_wconf 90' lang='lat' dir='ltr'><strong>huius</strong></span> <span class='ocrx_word' id='word_1_38' title='bbox 1365 527 1508 566; x_wconf 87' lang='lat' dir='ltr'><strong>aerarii</strong></span> <span class='ocrx_word' id='word_1_39' title='bbox 1538 526 1765 566; x_wconf 86' lang='lat' dir='ltr'><strong>certaminis</strong></span> <span class='ocrx_word' id='word_1_40' title='bbox 1795 526 1874 567; x_wconf 85' lang='lat' dir='ltr'><strong>dis·</strong></span> 
     </span>
     <span class='ocr_line' id='line_1_6' title="bbox 303 591 1874 643; baseline 0.001 -12"><span class='ocrx_word' id='word_1_41' title='bbox 303 592 489 632; x_wconf 87' lang='lat' dir='ltr'><strong>sentiunt.</strong></span> <span class='ocrx_word' id='word_1_42' title='bbox 550 591 653 631; x_wconf 87' lang='lat' dir='ltr'><strong>Item</strong></span> <span class='ocrx_word' id='word_1_43' title='bbox 683 603 818 631; x_wconf 90' lang='lat' dir='ltr'><strong>omnes</strong></span> <span class='ocrx_word' id='word_1_44' title='bbox 856 591 1109 631; x_wconf 85' lang='lat' dir='ltr'><strong>consentiunt</strong></span> <span class='ocrx_word' id='word_1_45' title='bbox 1145 593 1394 631; x_wconf 75' lang='lat' dir='ltr'><strong>coronarium</strong></span> <span class='ocrx_word' id='word_1_46' title='bbox 1429 591 1569 632; x_wconf 85' lang='lat' dir='ltr'><strong>ludum</strong></span> <span class='ocrx_word' id='word_1_47' title='bbox 1603 592 1779 643; x_wconf 88' lang='lat' dir='ltr'><strong>primum</strong></span> <span class='ocrx_word' id='word_1_48' title='bbox 1813 591 1874 632; x_wconf 88' lang='lat' dir='ltr'><strong>in-</strong></span> 
     </span>
     <span class='ocr_line' id='line_1_7' title="bbox 302 657 1875 710; baseline 0.001 -14"><span class='ocrx_word' id='word_1_49' title='bbox 302 658 487 697; x_wconf 78' lang='lat' dir='ltr'><strong>stitut-um</strong></span> <span class='ocrx_word' id='word_1_50' title='bbox 517 669 601 697; x_wconf 90' lang='lat' dir='ltr'><strong>esse</strong></span> <span class='ocrx_word' id='word_1_51' title='bbox 632 657 672 696; x_wconf 96' lang='lat' dir='ltr'><strong>ol</strong></span> <span class='ocrx_word' id='word_1_52' title='bbox 698 658 767 708; x_wconf 86' lang='lat'><strong>49,</strong></span> <span class='ocrx_word' id='word_1_53' title='bbox 793 657 818 696; x_wconf 88' lang='grc'><strong>3</strong></span> <span class='ocrx_word' id='word_1_54' title='bbox 852 657 1025 707; x_wconf 69' lang='lat' dir='ltr'><strong>equestri</strong></span> <span class='ocrx_word' id='word_1_55' title='bbox 1055 657 1269 697; x_wconf 73' lang='lat' dir='ltr'><strong>certamine</strong></span> <span class='ocrx_word' id='word_1_56' title='bbox 1300 658 1495 710; x_wconf 81' lang='lat' dir='ltr'><strong>gymnicis</strong></span> <span class='ocrx_word' id='word_1_57' title='bbox 1518 657 1624 697; x_wconf 81' lang='lat' dir='ltr'><strong>ludis</strong></span> <span class='ocrx_word' id='word_1_58' title='bbox 1650 658 1691 697; x_wconf 88' lang='lat' dir='ltr'><strong>et</strong></span> <span class='ocrx_word' id='word_1_59' title='bbox 1713 657 1875 697; x_wconf 75' lang='lat' dir='ltr'><strong>musicis</strong></span> 
     </span>
     <span class='ocr_line' id='line_1_8' title="bbox 303 721 1875 774; baseline 0.001 -12"><span class='ocrx_word' id='word_1_60' title='bbox 303 723 640 763; x_wconf 81' lang='lat' dir='ltr'><strong>commissionibus</strong></span> <span class='ocrx_word' id='word_1_61' title='bbox 672 722 818 762; x_wconf 83' lang='lat' dir='ltr'><strong>addito.</strong></span> <span class='ocrx_word' id='word_1_62' title='bbox 874 721 1057 774; x_wconf 83' lang='lat' dir='ltr'><strong>Origines</strong></span> <span class='ocrx_word' id='word_1_63' title='bbox 1089 723 1314 763; x_wconf 74' lang='lat' dir='ltr'><strong>certaminis</strong></span> <span class='ocrx_word' id='word_1_64' title='bbox 1344 722 1499 774; x_wconf 83' lang='lat' dir='ltr'><strong>pythici</strong></span> <span class='ocrx_word' id='word_1_65' title='bbox 1525 723 1740 763; x_wconf 84' lang='lat' dir='ltr'><strong>instaurati</strong></span> <span class='ocrx_word' id='word_1_66' title='bbox 1764 723 1875 763; x_wconf 85' lang='lat' dir='ltr'><strong>arcta</strong></span> 
     </span>
     <span class='ocr_line' id='line_1_9' title="bbox 302 787 1874 840; baseline 0 -12"><span class='ocrx_word' id='word_1_67' title='bbox 302 788 589 828; x_wconf 64' lang='lat' dir='ltr'><strong>necessitudine</strong></span> <span class='ocrx_word' id='word_1_68' title='bbox 613 799 704 827; x_wconf 89' lang='lat' dir='ltr'><strong>cum</strong></span> <span class='ocrx_word' id='word_1_69' title='bbox 726 787 823 827; x_wconf 91' lang='lat' dir='ltr'><strong>belli</strong></span> <span class='ocrx_word' id='word_1_70' title='bbox 847 789 951 828; x_wconf 87' lang='lat' dir='ltr'><strong>sacri</strong></span> <span class='ocrx_word' id='word_1_71' title='bbox 974 789 1166 828; x_wconf 85' lang='lat' dir='ltr'><strong>memoria</strong></span> <span class='ocrx_word' id='word_1_72' title='bbox 1191 788 1424 828; x_wconf 89' lang='lat' dir='ltr'><strong>coniunctae</strong></span> <span class='ocrx_word' id='word_1_73' title='bbox 1448 790 1552 828; x_wconf 90' lang='lat' dir='ltr'><strong>sunt.</strong></span> <span class='ocrx_word' id='word_1_74' title='bbox 1606 787 1706 839; x_wconf 90' lang='lat' dir='ltr'><strong>Iam,</strong></span> <span class='ocrx_word' id='word_1_75' title='bbox 1737 800 1874 840; x_wconf 81' lang='lat' dir='ltr'><strong>qnam·</strong></span> 
     </span>
     <span class='ocr_line' id='line_1_10' title="bbox 302 852 1875 905; baseline 0 -11"><span class='ocrx_word' id='word_1_76' title='bbox 302 855 362 894; x_wconf 86' lang='lat' dir='ltr'><strong>vis</strong></span> <span class='ocrx_word' id='word_1_77' title='bbox 394 853 560 893; x_wconf 86' lang='lat' dir='ltr'><strong>arduum</strong></span> <span class='ocrx_word' id='word_1_78' title='bbox 597 854 651 894; x_wconf 89' lang='lat' dir='ltr'><strong>sit</strong></span> <span class='ocrx_word' id='word_1_79' title='bbox 688 866 787 905; x_wconf 86' lang='lat' dir='ltr'><strong>opus</strong></span> <span class='ocrx_word' id='word_1_80' title='bbox 820 852 1059 894; x_wconf 86' lang='lat' dir='ltr'><strong>Graecarum</strong></span> <span class='ocrx_word' id='word_1_81' title='bbox 1095 866 1229 893; x_wconf 87' lang='lat' dir='ltr'><strong>rerum</strong></span> <span class='ocrx_word' id='word_1_82' title='bbox 1269 854 1432 894; x_wconf 87' lang='lat' dir='ltr'><strong>annales</strong></span> <span class='ocrx_word' id='word_1_83' title='bbox 1471 854 1698 904; x_wconf 83' lang='lat' dir='ltr'><strong>restituere,</strong></span> <span class='ocrx_word' id='word_1_84' title='bbox 1739 855 1875 894; x_wconf 88' lang='lat' dir='ltr'><strong>tamen</strong></span> 
     </span>
     <span class='ocr_line' id='line_1_11' title="bbox 302 918 1873 960; baseline 0.002 -3"><span class='ocrx_word' id='word_1_85' title='bbox 302 931 380 959; x_wconf 92' lang='lat' dir='ltr'><strong>non</strong></span> <span class='ocrx_word' id='word_1_86' title='bbox 419 918 557 959; x_wconf 85' lang='lat' dir='ltr'><strong>dubito</strong></span> <span class='ocrx_word' id='word_1_87' title='bbox 599 918 717 958; x_wconf 86' lang='lat' dir='ltr'><strong>fidem</strong></span> <span class='ocrx_word' id='word_1_88' title='bbox 760 919 968 959; x_wconf 75' lang='lat' dir='ltr'><strong>annalibus</strong></span> <span class='ocrx_word' id='word_1_89' title='bbox 1003 918 1133 959; x_wconf 89' lang='lat' dir='ltr'><strong>Pariis</strong></span> <span class='ocrx_word' id='word_1_90' title='bbox 1177 921 1218 959; x_wconf 87' lang='lat' dir='ltr'><strong>et</strong></span> <span class='ocrx_word' id='word_1_91' title='bbox 1252 918 1419 959; x_wconf 84' lang='lat' dir='ltr'><strong>Pindari</strong></span> <span class='ocrx_word' id='word_1_92' title='bbox 1461 919 1686 960; x_wconf 81' lang='lat' dir='ltr'><strong>scholiastis</strong></span> <span class='ocrx_word' id='word_1_93' title='bbox 1727 918 1873 960; x_wconf 82' lang='lat' dir='ltr'><strong>habere</strong></span> 
     </span>
     <span class='ocr_line' id='line_1_12' title="bbox 300 983 1874 1036; baseline 0 -12"><span class='ocrx_word' id='word_1_94' title='bbox 300 985 453 1035; x_wconf 83' lang='lat' dir='ltr'><strong>potius,</strong></span> <span class='ocrx_word' id='word_1_95' title='bbox 501 997 621 1036; x_wconf 85' lang='lat' dir='ltr'><strong>quam</strong></span> <span class='ocrx_word' id='word_1_96' title='bbox 661 983 904 1024; x_wconf 74' lang='lat' dir='ltr'><strong>Pausaniae:</strong></span> <span class='ocrx_word' id='word_1_97' title='bbox 951 985 1013 1024; x_wconf 90' lang='lat' dir='ltr'><strong>illi</strong></span> <span class='ocrx_word' id='word_1_98' title='bbox 1063 985 1169 1025; x_wconf 82' lang='lat' dir='ltr'><strong>enim</strong></span> <span class='ocrx_word' id='word_1_99' title='bbox 1210 984 1469 1025; x_wconf 77' lang='lat' dir='ltr'><strong>Aristotelem</strong></span> <span class='ocrx_word' id='word_1_100' title='bbox 1516 984 1874 1036; x_wconf 81' lang='lat' dir='ltr'><strong>locupletissimum</strong></span> 
     </span>
     <span class='ocr_line' id='line_1_13' title="bbox 302 1048 1874 1100; baseline 0.002 -12"><span class='ocrx_word' id='word_1_101' title='bbox 302 1052 502 1090; x_wconf 76' lang='lat' dir='ltr'><strong>auctorem</strong></span> <span class='ocrx_word' id='word_1_102' title='bbox 537 1052 765 1100; x_wconf 87' lang='lat' dir='ltr'><strong>sequuntur.</strong></span> <span class='ocrx_word' id='word_1_103' title='bbox 826 1050 985 1090; x_wconf 89' lang='lat' dir='ltr'><strong>Bellum</strong></span> <span class='ocrx_word' id='word_1_104' title='bbox 1024 1063 1179 1091; x_wconf 80' lang='lat' dir='ltr'><strong>sacrm</strong></span> <span class='ocrx_word' id='word_1_105' title='bbox 1215 1050 1457 1090; x_wconf 83' lang='lat' dir='ltr'><strong>diuturnum·</strong></span> <span class='ocrx_word' id='word_1_106' title='bbox 1487 1050 1585 1090; x_wconf 78' lang='lat' dir='ltr'><strong>fuit:</strong></span> <span class='ocrx_word' id='word_1_107' title='bbox 1626 1063 1721 1089; x_wconf 91' lang='lat' dir='ltr'><strong>nam</strong></span> <span class='ocrx_word' id='word_1_108' title='bbox 1759 1048 1874 1091; x_wconf 68' lang='lat' dir='ltr'><strong>Oriza</strong></span> 
     </span>
     <span class='ocr_line' id='line_1_14' title="bbox 300 1111 1874 1172; baseline 0.001 -17"><span class='ocrx_word' id='word_1_109' title='bbox 300 1115 397 1155; x_wconf 87' lang='lat' dir='ltr'><strong>urbe</strong></span> <span class='ocrx_word' id='word_1_110' title='bbox 433 1116 525 1166; x_wconf 88' lang='lat' dir='ltr'><strong>post</strong></span> <span class='ocrx_word' id='word_1_111' title='bbox 560 1115 756 1155; x_wconf 80' lang='lat' dir='ltr'><strong>decimum</strong></span> <span class='ocrx_word' id='word_1_112' title='bbox 793 1128 941 1155; x_wconf 89' lang='lat' dir='ltr'><strong>annum</strong></span> <span class='ocrx_word' id='word_1_113' title='bbox 977 1111 1155 1172; x_wconf 74' lang='lat' dir='ltr'><strong>excisa*)</strong></span> <span class='ocrx_word' id='word_1_114' title='bbox 1198 1128 1266 1156; x_wconf 86' lang='lat' dir='ltr'><strong>sex</strong></span> <span class='ocrx_word' id='word_1_115' title='bbox 1295 1117 1514 1167; x_wconf 17' lang='lat' dir='ltr'><strong>‘praeterea</strong></span> <span class='ocrx_word' id='word_1_116' title='bbox 1557 1115 1659 1154; x_wconf 88' lang='lat' dir='ltr'><strong>anni·</strong></span> <span class='ocrx_word' id='word_1_117' title='bbox 1693 1115 1874 1166; x_wconf 81' lang='lat' dir='ltr'><strong>reliquiis</strong></span> 
     </span>
     <span class='ocr_line' id='line_1_15' title="bbox 300 1180 1876 1232; baseline 0.001 -12"><span class='ocrx_word' id='word_1_118' title='bbox 300 1181 397 1220; x_wconf 88' lang='lat' dir='ltr'><strong>belli</strong></span> <span class='ocrx_word' id='word_1_119' title='bbox 428 1180 677 1220; x_wconf 85' lang='lat' dir='ltr'><strong>conficiendis</strong></span> <span class='ocrx_word' id='word_1_120' title='bbox 709 1181 934 1232; x_wconf 83' lang='lat' dir='ltr'><strong>consumpti</strong></span> <span class='ocrx_word' id='word_1_121' title='bbox 963 1183 1067 1222; x_wconf 84' lang='lat' dir='ltr'><strong>sunt.</strong></span> <span class='ocrx_word' id='word_1_122' title='bbox 1128 1181 1289 1221; x_wconf 80' lang='lat' dir='ltr'><strong>Exarsit</strong></span> <span class='ocrx_word' id='word_1_123' title='bbox 1311 1181 1387 1221; x_wconf 89' lang='lat' dir='ltr'><strong>hoc</strong></span> <span class='ocrx_word' id='word_1_124' title='bbox 1408 1181 1571 1231; x_wconf 82' lang='lat' dir='ltr'><strong>bellum,</strong></span> <span class='ocrx_word' id='word_1_125' title='bbox 1602 1180 1713 1220; x_wconf 89' lang='lat' dir='ltr'><strong>cuius</strong></span> <span class='ocrx_word' id='word_1_126' title='bbox 1738 1181 1876 1221; x_wconf 84' lang='lat' dir='ltr'><strong>auctor</strong></span> 
     </span>
     <span class='ocr_line' id='line_1_16' title="bbox 301 1240 1874 1301; baseline 0 -16"><span class='ocrx_word' id='word_1_127' title='bbox 301 1247 379 1285; x_wconf 85' lang='lat' dir='ltr'><strong>fuit</strong></span> <span class='ocrx_word' id='word_1_128' title='bbox 404 1245 525 1286; x_wconf 84' lang='lat' dir='ltr'><strong>Solon</strong></span> <span class='ocrx_word' id='word_1_129' title='bbox 549 1240 637 1301; x_wconf 78' lang='lat' dir='ltr'><strong>(vid</strong></span> <span class='ocrx_word' id='word_1_130' title='bbox 664 1244 855 1298; x_wconf 88' lang='lat' dir='ltr'><strong>[Aeschin</strong></span> <span class='ocrx_word' id='word_1_131' title='bbox 878 1246 941 1286; x_wconf 93' lang='grc' dir='ltr'><strong>ΙΠ</strong></span> <span class='ocrx_word' id='word_1_132' title='bbox 968 1245 1073 1298; x_wconf 89' lang='grc'>108]</span> <span class='ocrx_word' id='word_1_133' title='bbox 1105 1247 1299 1287; x_wconf 84' lang='lat' dir='ltr'><strong>Aristotel</strong></span> <span class='ocrx_word' id='word_1_134' title='bbox 1331 1260 1381 1298; x_wconf 88' lang='lat' dir='ltr'><strong>ap</strong></span> <span class='ocrx_word' id='word_1_135' title='bbox 1405 1245 1503 1285; x_wconf 90' lang='lat' dir='ltr'><strong>Plut</strong></span> <span class='ocrx_word' id='word_1_136' title='bbox 1528 1245 1596 1285; x_wconf 85' lang='lat' dir='ltr'><strong>Sol</strong></span> <span class='ocrx_word' id='word_1_137' title='bbox 1622 1257 1644 1284; x_wconf 90' lang='lat' dir='ltr'><strong>c</strong></span> <span class='ocrx_word' id='word_1_138' title='bbox 1669 1240 1746 1300; x_wconf 88' lang='lat'><strong>11)</strong></span> <span class='ocrx_word' id='word_1_139' title='bbox 1771 1247 1874 1286; x_wconf 87' lang='lat' dir='ltr'><strong>circa</strong></span> 
     </span>
     <span class='ocr_line' id='line_1_17' title="bbox 302 1310 1874 1364; baseline 0 -13"><span class='ocrx_word' id='word_1_140' title='bbox 302 1312 341 1351; x_wconf 98' lang='grc'><strong>01</strong></span> <span class='ocrx_word' id='word_1_141' title='bbox 375 1312 431 1351; x_wconf 85' lang='grc'>45</span> <span class='ocrx_word' id='word_1_142' title='bbox 466 1313 510 1362; x_wconf 91' lang='grc'><strong>1,</strong></span> <span class='ocrx_word' id='word_1_143' title='bbox 552 1311 747 1362; x_wconf 80' lang='lat' dir='ltr'><strong>siquidem</strong></span> <span class='ocrx_word' id='word_1_144' title='bbox 788 1311 1005 1352; x_wconf 87' lang='lat' dir='ltr'><strong>Alcmaeon</strong></span> <span class='ocrx_word' id='word_1_145' title='bbox 1048 1312 1128 1351; x_wconf 84' lang='lat' dir='ltr'><strong>dux</strong></span> <span class='ocrx_word' id='word_1_146' title='bbox 1171 1312 1375 1364; x_wconf 87' lang='lat' dir='ltr'><strong>copiarum</strong></span> <span class='ocrx_word' id='word_1_147' title='bbox 1410 1311 1716 1350; x_wconf 85' lang='lat' dir='ltr'><strong>Atheniensium</strong></span> <span class='ocrx_word' id='word_1_148' title='bbox 1756 1310 1874 1352; x_wconf 90' lang='lat' dir='ltr'><strong>initio</strong></span> 
     </span>
     <span class='ocr_line' id='line_1_18' title="bbox 300 1376 1873 1430; baseline 0.001 -14"><span class='ocrx_word' id='word_1_149' title='bbox 300 1377 396 1416; x_wconf 88' lang='lat' dir='ltr'><strong>belli</strong></span> <span class='ocrx_word' id='word_1_150' title='bbox 425 1377 515 1427; x_wconf 80' lang='lat' dir='ltr'><strong>fuit,</strong></span> <span class='ocrx_word' id='word_1_151' title='bbox 544 1390 625 1417; x_wconf 94' lang='lat' dir='ltr'><strong>non</strong></span> <span class='ocrx_word' id='word_1_152' title='bbox 655 1378 715 1416; x_wconf 89' lang='lat' dir='ltr'><strong>ita</strong></span> <span class='ocrx_word' id='word_1_153' title='bbox 744 1378 872 1417; x_wconf 82' lang='lat' dir='ltr'><strong>multo</strong></span> <span class='ocrx_word' id='word_1_154' title='bbox 901 1380 995 1429; x_wconf 89' lang='lat' dir='ltr'><strong>post</strong></span> <span class='ocrx_word' id='word_1_155' title='bbox 1019 1390 1109 1417; x_wconf 89' lang='lat' dir='ltr'><strong>cum</strong></span> <span class='ocrx_word' id='word_1_156' title='bbox 1133 1377 1348 1430; x_wconf 82' lang='lat' dir='ltr'><strong>gentilibus</strong></span> <span class='ocrx_word' id='word_1_157' title='bbox 1373 1377 1456 1417; x_wconf 84' lang='lat' dir='ltr'><strong>suis</strong></span> <span class='ocrx_word' id='word_1_158' title='bbox 1479 1377 1523 1415; x_wconf 91' lang='lat' dir='ltr'><strong>in</strong></span> <span class='ocrx_word' id='word_1_159' title='bbox 1548 1376 1711 1416; x_wconf 88' lang='lat' dir='ltr'><strong>exilium</strong></span> <span class='ocrx_word' id='word_1_160' title='bbox 1734 1376 1873 1427; x_wconf 81' lang='lat' dir='ltr'><strong>pulsus</strong></span> 
     </span>
     <span class='ocr_line' id='line_1_19' title="bbox 300 1441 1875 1493; baseline -0.001 -11"><span class='ocrx_word' id='word_1_161' title='bbox 300 1443 463 1493; x_wconf 88' lang='lat' dir='ltr'><strong>propter</strong></span> <span class='ocrx_word' id='word_1_162' title='bbox 488 1441 652 1493; x_wconf 79' lang='lat' dir='ltr'><strong>Cylonei</strong></span> <span class='ocrx_word' id='word_1_163' title='bbox 682 1443 839 1482; x_wconf 89' lang='lat' dir='ltr'><strong>sceleris</strong></span> <span class='ocrx_word' id='word_1_164' title='bbox 869 1444 1114 1493; x_wconf 81' lang='lat' dir='ltr'><strong>memoriam,</strong></span> <span class='ocrx_word' id='word_1_165' title='bbox 1145 1455 1235 1483; x_wconf 88' lang='lat' dir='ltr'><strong>cum</strong></span> <span class='ocrx_word' id='word_1_166' title='bbox 1264 1443 1484 1482; x_wconf 85' lang='lat' dir='ltr'><strong>factionum</strong></span> <span class='ocrx_word' id='word_1_167' title='bbox 1509 1441 1674 1482; x_wconf 85' lang='lat' dir='ltr'><strong>dissidia</strong></span> <span class='ocrx_word' id='word_1_168' title='bbox 1698 1441 1875 1493; x_wconf 76' lang='lat' dir='ltr'><strong>graviter</strong></span> 
     </span>
     <span class='ocr_line' id='line_1_20' title="bbox 303 1501 1873 1562; baseline 0 -15"><span class='ocrx_word' id='word_1_169' title='bbox 303 1509 501 1559; x_wconf 83' lang='lat' dir='ltr'><strong>agitarent</strong></span> <span class='ocrx_word' id='word_1_170' title='bbox 518 1508 695 1548; x_wconf 89' lang='lat' dir='ltr'><strong>Atticam</strong></span> <span class='ocrx_word' id='word_1_171' title='bbox 718 1509 935 1559; x_wconf 88' lang='lat' dir='ltr'><strong>civitatem,</strong></span> <span class='ocrx_word' id='word_1_172' title='bbox 961 1522 1081 1560; x_wconf 85' lang='lat' dir='ltr'><strong>quarn</strong></span> <span class='ocrx_word' id='word_1_173' title='bbox 1104 1511 1319 1560; x_wconf 88' lang='lat' dir='ltr'><strong>postquam</strong></span> <span class='ocrx_word' id='word_1_174' title='bbox 1343 1507 1383 1547; x_wconf 91' lang='lat' dir='ltr'><strong>ol</strong></span> <span class='ocrx_word' id='word_1_175' title='bbox 1402 1507 1473 1557; x_wconf 83' lang='lat'><strong>46,</strong></span> <span class='ocrx_word' id='word_1_176' title='bbox 1494 1503 1528 1562; x_wconf 67' lang='lat'><strong>1}</strong></span> <span class='ocrx_word' id='word_1_177' title='bbox 1546 1501 1873 1562; x_wconf 49' lang='lat' dir='ltr'><strong>Epimenidesss)</strong></span> 
     </span>
     <span class='ocr_line' id='line_1_21' title="bbox 302 1570 1875 1627; baseline -0.001 -15"><span class='ocrx_word' id='word_1_178' title='bbox 302 1573 521 1623; x_wconf 48' lang='lat' dir='ltr'><strong>lustravit„</strong></span> <span class='ocrx_word' id='word_1_179' title='bbox 542 1573 663 1613; x_wconf 86' lang='lat' dir='ltr'><strong>Solon</strong></span> <span class='ocrx_word' id='word_1_180' title='bbox 693 1574 733 1613; x_wconf 93' lang='lat' dir='ltr'><strong>ol</strong></span> <span class='ocrx_word' id='word_1_181' title='bbox 764 1575 834 1624; x_wconf 84' lang='lat'><strong>46,</strong></span> <span class='ocrx_word' id='word_1_182' title='bbox 866 1575 892 1614; x_wconf 80' lang='lat'><strong>3</strong></span> <span class='ocrx_word' id='word_1_183' title='bbox 929 1574 1038 1627; x_wconf 81' lang='lat' dir='ltr'><strong>leges</strong></span> <span class='ocrx_word' id='word_1_184' title='bbox 1069 1586 1161 1615; x_wconf 86' lang='lat' dir='ltr'><strong>suas</strong></span> <span class='ocrx_word' id='word_1_185' title='bbox 1190 1574 1296 1613; x_wconf 87' lang='lat' dir='ltr'><strong>tulit.</strong></span> <span class='ocrx_word' id='word_1_186' title='bbox 1356 1572 1445 1612; x_wconf 89' lang='lat' dir='ltr'><strong>Iam</strong></span> <span class='ocrx_word' id='word_1_187' title='bbox 1475 1570 1588 1612; x_wconf 75' lang='lat' dir='ltr'><strong>Crisa</strong></span> <span class='ocrx_word' id='word_1_188' title='bbox 1622 1571 1721 1612; x_wconf 87' lang='lat' dir='ltr'><strong>urbe</strong></span> <span class='ocrx_word' id='word_1_189' title='bbox 1757 1573 1875 1623; x_wconf 84' lang='lat' dir='ltr'><strong>capta</strong></span> 
     </span>
     <span class='ocr_line' id='line_1_22' title="bbox 90 1631 1875 1694; baseline 0.001 -19"><span class='ocrx_word' id='word_1_190' title='bbox 90 1648 239 1682; x_wconf 57' lang='lat' dir='ltr'><strong>aaran„</strong></span> <span class='ocrx_word' id='word_1_191' title='bbox 252 1651 287 1677; x_wconf 65' lang='grc' dir='ltr'><strong>ιι</strong></span> <span class='ocrx_word' id='word_1_192' title='bbox 305 1639 408 1678; x_wconf 83' lang='lat' dir='ltr'><strong>circa</strong></span> <span class='ocrx_word' id='word_1_193' title='bbox 438 1639 478 1678; x_wconf 93' lang='lat' dir='ltr'><strong>ol</strong></span> <span class='ocrx_word' id='word_1_194' title='bbox 508 1640 578 1689; x_wconf 81' lang='lat'><strong>47,</strong></span> <span class='ocrx_word' id='word_1_195' title='bbox 604 1639 629 1678; x_wconf 88' lang='lat'><strong>3</strong></span> <span class='ocrx_word' id='word_1_196' title='bbox 662 1639 882 1679; x_wconf 82' lang='lat' dir='ltr'><strong>celebratus</strong></span> <span class='ocrx_word' id='word_1_197' title='bbox 913 1641 974 1680; x_wconf 86' lang='lat' dir='ltr'><strong>est</strong></span> <span class='ocrx_word' id='word_1_198' title='bbox 1004 1636 1125 1688; x_wconf 86' lang='grc' dir='ltr'>ἀγὼν</span> <span class='ocrx_word' id='word_1_199' title='bbox 1139 1633 1147 1694; x_wconf 81' lang='grc' dir='ltr'>Ι</span> <span class='ocrx_word' id='word_1_200' title='bbox 1163 1631 1527 1692; x_wconf 69' lang='grc' dir='ltr'>χρηματίτη(.***)</span> <span class='ocrx_word' id='word_1_201' title='bbox 1583 1635 1682 1677; x_wconf 79' lang='lat' dir='ltr'><strong>Cum</strong></span> <span class='ocrx_word' id='word_1_202' title='bbox 1711 1637 1875 1689; x_wconf 78' lang='lat' dir='ltr'><strong>fugitivi</strong></span> 
     </span>
     <span class='ocr_line' id='line_1_23' title="bbox 302 1702 1875 1746; baseline -0.001 -3"><span class='ocrx_word' id='word_1_203' title='bbox 302 1704 421 1744; x_wconf 81' lang='lat' dir='ltr'><strong>inviis</strong></span> <span class='ocrx_word' id='word_1_204' title='bbox 462 1704 560 1744; x_wconf 88' lang='lat' dir='ltr'><strong>locis</strong></span> <span class='ocrx_word' id='word_1_205' title='bbox 602 1704 760 1745; x_wconf 83' lang='lat' dir='ltr'><strong>fortiter</strong></span> <span class='ocrx_word' id='word_1_206' title='bbox 801 1718 843 1746; x_wconf 88' lang='lat' dir='ltr'><strong>se</strong></span> <span class='ocrx_word' id='word_1_207' title='bbox 883 1704 1138 1745; x_wconf 86' lang='lat' dir='ltr'><strong>defendentes</strong></span> <span class='ocrx_word' id='word_1_208' title='bbox 1186 1705 1297 1744; x_wconf 86' lang='lat' dir='ltr'><strong>sexto</strong></span> <span class='ocrx_word' id='word_1_209' title='bbox 1339 1702 1498 1743; x_wconf 86' lang='lat' dir='ltr'><strong>demum</strong></span> <span class='ocrx_word' id='word_1_210' title='bbox 1540 1715 1644 1742; x_wconf 85' lang='lat' dir='ltr'><strong>anno</strong></span> <span class='ocrx_word' id='word_1_211' title='bbox 1686 1702 1875 1742; x_wconf 85' lang='lat' dir='ltr'><strong>debellati</strong></span> 
     </span>
     <span class='ocr_line' id='line_1_24' title="bbox 304 1761 1874 1824; baseline -0.001 -14"><span class='ocrx_word' id='word_1_212' title='bbox 304 1771 446 1819; x_wconf 84' lang='lat' dir='ltr'><strong>essent,</strong></span> <span class='ocrx_word' id='word_1_213' title='bbox 476 1772 518 1809; x_wconf 90' lang='lat' dir='ltr'><strong>et</strong></span> <span class='ocrx_word' id='word_1_214' title='bbox 546 1783 625 1809; x_wconf 90' lang='lat' dir='ltr'><strong>non</strong></span> <span class='ocrx_word' id='word_1_215' title='bbox 655 1771 715 1810; x_wconf 86' lang='lat' dir='ltr'><strong>ita</strong></span> <span class='ocrx_word' id='word_1_216' title='bbox 744 1771 872 1811; x_wconf 89' lang='lat' dir='ltr'><strong>multo</strong></span> <span class='ocrx_word' id='word_1_217' title='bbox 901 1772 995 1822; x_wconf 91' lang='lat' dir='ltr'><strong>post</strong></span> <span class='ocrx_word' id='word_1_218' title='bbox 1022 1771 1170 1811; x_wconf 88' lang='lat' dir='ltr'><strong>iterum</strong></span> <span class='ocrx_word' id='word_1_219' title='bbox 1198 1770 1368 1810; x_wconf 77' lang='lat' dir='ltr'><strong>instaret</strong></span> <span class='ocrx_word' id='word_1_220' title='bbox 1395 1767 1558 1820; x_wconf 82' lang='lat' dir='ltr'><strong>pythias</strong></span> <span class='ocrx_word' id='word_1_221' title='bbox 1583 1761 1874 1824; x_wconf 86' lang='lat' dir='ltr'><strong>ennaeteris†)‚</strong></span> 
     </span>
    </p>
   </div>
   <div class='ocr_carea' id='block_1_3' title="bbox 308 1855 591 1862">
    <p class='ocr_par' dir='ltr' id='par_1_3' title="bbox 308 1855 591 1862">
     <span class='ocr_line' id='line_1_25' title="bbox 308 1855 591 1862; baseline 0 0"><span class='ocrx_word' id='word_1_222' title='bbox 308 1855 591 1862; x_wconf 95' lang='lat' dir='ltr'><strong> </strong></span> 
     </span>
    </p>
   </div>
   <div class='ocr_carea' id='block_1_4' title="bbox 261 1904 1886 2998">
    <p class='ocr_par' dir='ltr' id='par_1_4' title="bbox 302 1904 1875 2145">
     <span class='ocr_line' id='line_1_26' title="bbox 420 1904 1873 1953; baseline 0 -11"><span class='ocrx_word' id='word_1_223' title='bbox 420 1905 452 1953; x_wconf 73' lang='lat'><strong>⁶)</strong></span> <span class='ocrx_word' id='word_1_224' title='bbox 479 1906 724 1943; x_wconf 81' lang='lat' dir='ltr'><strong>“Aristotelis</strong></span> <span class='ocrx_word' id='word_1_225' title='bbox 743 1907 895 1944; x_wconf 85' lang='lat' dir='ltr'><strong>auditor</strong></span> <span class='ocrx_word' id='word_1_226' title='bbox 913 1905 1163 1944; x_wconf 84' lang='lat' dir='ltr'><strong>Callisthenes</strong></span> <span class='ocrx_word' id='word_1_227' title='bbox 1182 1905 1321 1952; x_wconf 87' lang='lat' dir='ltr'><strong>(Athen</strong></span> <span class='ocrx_word' id='word_1_228' title='bbox 1338 1904 1426 1941; x_wconf 83' lang='lat' dir='ltr'>XIII</span> <span class='ocrx_word' id='word_1_229' title='bbox 1444 1908 1514 1942; x_wconf 78' lang='lat'><strong>560</strong></span> <span class='ocrx_word' id='word_1_230' title='bbox 1529 1906 1564 1952; x_wconf 90' lang='lat' dir='ltr'><strong>c)</strong></span> <span class='ocrx_word' id='word_1_231' title='bbox 1590 1907 1747 1951; x_wconf 83' lang='grc' dir='ltr'>δεκαετῆ</span> <span class='ocrx_word' id='word_1_232' title='bbox 1765 1906 1873 1942; x_wconf 77' lang='grc' dir='ltr'>πόλε-</span> 
     </span>
     <span class='ocr_line' id='line_1_27' title="bbox 303 1952 1872 2001; baseline -0.001 -11"><span class='ocrx_word' id='word_1_233' title='bbox 303 1966 372 1998; x_wconf 89' lang='grc' dir='ltr'>μον</span> <span class='ocrx_word' id='word_1_234' title='bbox 396 1955 568 2000; x_wconf 86' lang='lat' dir='ltr'><strong>testatur,</strong></span> <span class='ocrx_word' id='word_1_235' title='bbox 593 1965 705 2000; x_wconf 87' lang='lat' dir='ltr'><strong>quem</strong></span> <span class='ocrx_word' id='word_1_236' title='bbox 729 1954 835 1992; x_wconf 83' lang='lat' dir='ltr'><strong>Crisa</strong></span> <span class='ocrx_word' id='word_1_237' title='bbox 859 1956 974 2001; x_wconf 84' lang='lat' dir='ltr'><strong>capta</strong></span> <span class='ocrx_word' id='word_1_238' title='bbox 999 1953 1249 2000; x_wconf 85' lang='lat' dir='ltr'><strong>compositum</strong></span> <span class='ocrx_word' id='word_1_239' title='bbox 1273 1963 1356 1994; x_wconf 72' lang='lat' dir='ltr'><strong>esso,</strong></span> <span class='ocrx_word' id='word_1_240' title='bbox 1379 1952 1530 1990; x_wconf 80' lang='lat' dir='ltr'><strong>statuit:</strong></span> <span class='ocrx_word' id='word_1_241' title='bbox 1556 1963 1631 1999; x_wconf 83' lang='lat' dir='ltr'><strong>quo</strong></span> <span class='ocrx_word' id='word_1_242' title='bbox 1653 1952 1872 1990; x_wconf 81' lang='lat' dir='ltr'><strong>testimonio</strong></span> 
     </span>
     <span class='ocr_line' id='line_1_28' title="bbox 303 2000 1873 2050; baseline 0.001 -13"><span class='ocrx_word' id='word_1_243' title='bbox 303 2001 473 2037; x_wconf 87' lang='lat' dir='ltr'><strong>nonnulli</strong></span> <span class='ocrx_word' id='word_1_244' title='bbox 497 2001 607 2038; x_wconf 85' lang='lat' dir='ltr'><strong>abusi</strong></span> <span class='ocrx_word' id='word_1_245' title='bbox 626 2002 912 2050; x_wconf 85' lang='lat' dir='ltr'><strong>Amphietionas</strong></span> <span class='ocrx_word' id='word_1_246' title='bbox 935 2002 1015 2038; x_wconf 85' lang='lat' dir='ltr'><strong>iam</strong></span> <span class='ocrx_word' id='word_1_247' title='bbox 1038 2002 1174 2047; x_wconf 86' lang='lat' dir='ltr'><strong>quarto</strong></span> <span class='ocrx_word' id='word_1_248' title='bbox 1199 2011 1299 2037; x_wconf 86' lang='lat' dir='ltr'><strong>anno</strong></span> <span class='ocrx_word' id='word_1_249' title='bbox 1322 2000 1396 2036; x_wconf 85' lang='lat' dir='ltr'><strong>hac</strong></span> <span class='ocrx_word' id='word_1_250' title='bbox 1412 2000 1507 2037; x_wconf 85' lang='lat' dir='ltr'><strong>urbe</strong></span> <span class='ocrx_word' id='word_1_251' title='bbox 1523 2001 1667 2048; x_wconf 85' lang='lat' dir='ltr'><strong>potitos</strong></span> <span class='ocrx_word' id='word_1_252' title='bbox 1686 2011 1769 2038; x_wconf 85' lang='lat' dir='ltr'><strong>esse</strong></span> <span class='ocrx_word' id='word_1_253' title='bbox 1787 2012 1873 2038; x_wconf 87' lang='lat' dir='ltr'><strong>cen-</strong></span> 
     </span>
     <span class='ocr_line' id='line_1_29' title="bbox 303 2047 1875 2097; baseline 0 -13"><span class='ocrx_word' id='word_1_254' title='bbox 303 2049 487 2085; x_wconf 85' lang='lat' dir='ltr'><strong>suerunt”</strong></span> <span class='ocrx_word' id='word_1_255' title='bbox 514 2049 571 2097; x_wconf 85' lang='lat' dir='ltr'><strong>[cf</strong></span> <span class='ocrx_word' id='word_1_256' title='bbox 592 2050 708 2086; x_wconf 88' lang='lat' dir='ltr'><strong>etiam</strong></span> <span class='ocrx_word' id='word_1_257' title='bbox 731 2050 768 2086; x_wconf 86' lang='grc' dir='ltr'>Η</span> <span class='ocrx_word' id='word_1_258' title='bbox 861 2049 1073 2086; x_wconf 77' lang='lat' dir='ltr'><strong>Landwehr</strong></span> <span class='ocrx_word' id='word_1_259' title='bbox 1097 2047 1222 2084; x_wconf 85' lang='lat' dir='ltr'><strong>Philol</strong></span> <span class='ocrx_word' id='word_1_260' title='bbox 1246 2047 1367 2095; x_wconf 87' lang='lat' dir='ltr'><strong>Suppl</strong></span> <span class='ocrx_word' id='word_1_261' title='bbox 1390 2047 1426 2084; x_wconf 86' lang='lat' dir='ltr'><strong>V</strong></span> <span class='ocrx_word' id='word_1_262' title='bbox 1445 2051 1550 2094; x_wconf 88' lang='grc'>1884,</span> <span class='ocrx_word' id='word_1_263' title='bbox 1578 2051 1658 2094; x_wconf 87' lang='grc'>108,</span> <span class='ocrx_word' id='word_1_264' title='bbox 1683 2048 1732 2085; x_wconf 83' lang='lat' dir='ltr'><strong>de</strong></span> <span class='ocrx_word' id='word_1_265' title='bbox 1749 2047 1875 2084; x_wconf 81' lang='lat' dir='ltr'><strong>wila-</strong></span> 
     </span>
     <span class='ocr_line' id='line_1_30' title="bbox 302 2097 966 2145; baseline 0.005 -14"><span class='ocrx_word' id='word_1_266' title='bbox 302 2097 450 2132; x_wconf 78' lang='lat' dir='ltr'><strong>mowitz</strong></span> <span class='ocrx_word' id='word_1_267' title='bbox 474 2097 619 2134; x_wconf 77' lang='lat' dir='ltr'><strong>Aristot</strong></span> <span class='ocrx_word' id='word_1_268' title='bbox 641 2110 668 2133; x_wconf 87' lang='lat' dir='ltr'><strong>u</strong></span> <span class='ocrx_word' id='word_1_269' title='bbox 692 2098 769 2133; x_wconf 87' lang='lat' dir='ltr'><strong>Ath</strong></span> <span class='ocrx_word' id='word_1_270' title='bbox 837 2101 882 2134; x_wconf 89' lang='grc'><strong>10</strong></span> <span class='ocrx_word' id='word_1_271' title='bbox 903 2098 966 2145; x_wconf 73' lang='grc'>88].</span> 
     </span>
    </p>

    <p class='ocr_par' dir='ltr' id='par_1_5' title="bbox 304 2142 1870 2239">
     <span class='ocr_line' id='line_1_31' title="bbox 417 2142 1870 2228; baseline 0 -48"><span class='ocrx_word' id='word_1_272' title='bbox 417 2143 471 2191; x_wconf 72' lang='grc'><strong>*’)</strong></span> <span class='ocrx_word' id='word_1_273' title='bbox 493 2144 663 2228; x_wconf 56' lang='lat' dir='ltr'><strong>grogffer</strong></span> <span class='ocrx_word' id='word_1_274' title='bbox 691 2145 760 2181; x_wconf 88' lang='lat' dir='ltr'><strong>Att</strong></span> <span class='ocrx_word' id='word_1_275' title='bbox 790 2144 933 2181; x_wconf 84' lang='lat' dir='ltr'><strong>Geneal</strong></span> <span class='ocrx_word' id='word_1_276' title='bbox 964 2147 1034 2180; x_wconf 90' lang='grc'><strong>140</strong></span> <span class='ocrx_word' id='word_1_277' title='bbox 1058 2154 1113 2188; x_wconf 79' lang='lat' dir='ltr'><strong>ss,</strong></span> <span class='ocrx_word' id='word_1_278' title='bbox 1149 2142 1254 2180; x_wconf 85' lang='lat' dir='ltr'><strong>Diels</strong></span> <span class='ocrx_word' id='word_1_279' title='bbox 1285 2142 1486 2191; x_wconf 72' lang='lat' dir='ltr'><strong>Sitzungsb</strong></span> <span class='ocrx_word' id='word_1_280' title='bbox 1515 2154 1647 2191; x_wconf 86' lang='lat' dir='ltr'><strong>preuss</strong></span> <span class='ocrx_word' id='word_1_281' title='bbox 1677 2142 1739 2180; x_wconf 75' lang='lat' dir='ltr'><strong>Ak</strong></span> <span class='ocrx_word' id='word_1_282' title='bbox 1765 2147 1870 2189; x_wconf 80' lang='grc'>1891,</span> 
     </span>
     <span class='ocr_line' id='line_1_32' title="bbox 304 2191 867 2239; baseline 0.004 -12"><span class='ocrx_word' id='word_1_283' title='bbox 304 2194 385 2237; x_wconf 84' lang='grc'>388,</span> <span class='ocrx_word' id='word_1_284' title='bbox 409 2191 492 2228; x_wconf 78' lang='lat' dir='ltr'><strong>Roh</strong></span> <span class='ocrx_word' id='word_1_285' title='bbox 519 2203 541 2228; x_wconf 88' lang='lat' dir='ltr'><strong>e</strong></span> <span class='ocrx_word' id='word_1_286' title='bbox 595 2192 728 2239; x_wconf 79' lang='lat' dir='ltr'><strong>syche&#39;</strong></span> <span class='ocrx_word' id='word_1_287' title='bbox 751 2192 786 2229; x_wconf 91' lang='lat'><strong>11</strong></span> <span class='ocrx_word' id='word_1_288' title='bbox 810 2195 867 2229; x_wconf 79' lang='grc'><strong>98.</strong></span> 
     </span>
    </p>

    <p class='ocr_par' dir='ltr' id='par_1_6' title="bbox 301 2237 1872 2513">
     <span class='ocr_line' id='line_1_33' title="bbox 402 2237 1871 2287; baseline -0.001 -10"><span class='ocrx_word' id='word_1_289' title='bbox 402 2238 472 2287; x_wconf 68' lang='grc'><strong>·”)</strong></span> <span class='ocrx_word' id='word_1_290' title='bbox 497 2238 700 2287; x_wconf 83' lang='lat' dir='ltr'><strong>[Quoniam</strong></span> <span class='ocrx_word' id='word_1_291' title='bbox 723 2251 748 2276; x_wconf 88' lang='lat' dir='ltr'><strong>a</strong></span> <span class='ocrx_word' id='word_1_292' title='bbox 766 2243 837 2276; x_wconf 80' lang='lat'><strong>590</strong></span> <span class='ocrx_word' id='word_1_293' title='bbox 870 2239 984 2283; x_wconf 81' lang='grc'>0147,</span> <span class='ocrx_word' id='word_1_294' title='bbox 998 2239 1035 2286; x_wconf 77' lang='grc'><strong>3)</strong></span> <span class='ocrx_word' id='word_1_295' title='bbox 1054 2237 1303 2275; x_wconf 79' lang='lat' dir='ltr'><strong>Athenienses</strong></span> <span class='ocrx_word' id='word_1_296' title='bbox 1328 2237 1508 2275; x_wconf 79' lang='lat' dir='ltr'><strong>archonte</strong></span> <span class='ocrx_word' id='word_1_297' title='bbox 1534 2237 1698 2275; x_wconf 83' lang='lat' dir='ltr'><strong>caruisse</strong></span> <span class='ocrx_word' id='word_1_298' title='bbox 1724 2249 1771 2275; x_wconf 82' lang='lat' dir='ltr'><strong>ex</strong></span> <span class='ocrx_word' id='word_1_299' title='bbox 1788 2237 1871 2274; x_wconf 81' lang='lat' dir='ltr'><strong>Ari-</strong></span> 
     </span>
     <span class='ocr_line' id='line_1_34' title="bbox 304 2285 1871 2335; baseline 0.001 -14"><span class='ocrx_word' id='word_1_300' title='bbox 304 2286 436 2323; x_wconf 84' lang='lat' dir='ltr'><strong>stotele</strong></span> <span class='ocrx_word' id='word_1_301' title='bbox 461 2287 719 2335; x_wconf 80' lang='lat' dir='ltr'><strong>cognovimus,</strong></span> <span class='ocrx_word' id='word_1_302' title='bbox 752 2297 851 2333; x_wconf 86' lang='lat' dir='ltr'><strong>quae</strong></span> <span class='ocrx_word' id='word_1_303' title='bbox 874 2285 943 2322; x_wconf 84' lang='lat' dir='ltr'><strong>illo</strong></span> <span class='ocrx_word' id='word_1_304' title='bbox 967 2296 1067 2323; x_wconf 88' lang='lat' dir='ltr'><strong>anno</strong></span> <span class='ocrx_word' id='word_1_305' title='bbox 1090 2285 1195 2323; x_wconf 84' lang='lat' dir='ltr'><strong>facta</strong></span> <span class='ocrx_word' id='word_1_306' title='bbox 1218 2287 1344 2332; x_wconf 83' lang='lat' dir='ltr'><strong>erant,</strong></span> <span class='ocrx_word' id='word_1_307' title='bbox 1375 2286 1426 2322; x_wconf 84' lang='lat' dir='ltr'><strong>ad</strong></span> <span class='ocrx_word' id='word_1_308' title='bbox 1449 2285 1635 2323; x_wconf 86' lang='lat' dir='ltr'><strong>fastorum</strong></span> <span class='ocrx_word' id='word_1_309' title='bbox 1659 2285 1871 2322; x_wconf 84' lang='lat' dir='ltr'><strong>Atticorum</strong></span> 
     </span>
     <span class='ocr_line' id='line_1_35' title="bbox 301 2332 1872 2381; baseline 0.001 -13"><span class='ocrx_word' id='word_1_310' title='bbox 301 2333 486 2370; x_wconf 88' lang='lat' dir='ltr'><strong>rationem</strong></span> <span class='ocrx_word' id='word_1_311' title='bbox 515 2335 589 2371; x_wconf 88' lang='lat' dir='ltr'><strong>nisi</strong></span> <span class='ocrx_word' id='word_1_312' title='bbox 619 2336 688 2371; x_wconf 87' lang='lat' dir='ltr'><strong>aut</strong></span> <span class='ocrx_word' id='word_1_313' title='bbox 717 2333 921 2381; x_wconf 86' lang='lat' dir='ltr'><strong>superioris</strong></span> <span class='ocrx_word' id='word_1_314' title='bbox 952 2334 1020 2370; x_wconf 86' lang='lat' dir='ltr'><strong>aut</strong></span> <span class='ocrx_word' id='word_1_315' title='bbox 1051 2332 1060 2341; x_wconf 73' lang='lat'><strong>⁹</strong></span> <span class='ocrx_word' id='word_1_316' title='bbox 1156 2333 1281 2370; x_wconf 87' lang='lat' dir='ltr'><strong>uentis</strong></span> <span class='ocrx_word' id='word_1_317' title='bbox 1315 2333 1507 2370; x_wconf 84' lang='lat' dir='ltr'><strong>archontis</strong></span> <span class='ocrx_word' id='word_1_318' title='bbox 1539 2333 1691 2370; x_wconf 85' lang='lat' dir='ltr'><strong>nornine</strong></span> <span class='ocrx_word' id='word_1_319' title='bbox 1724 2333 1872 2369; x_wconf 82' lang='lat' dir='ltr'><strong>definiri</strong></span> 
     </span>
     <span class='ocr_line' id='line_1_36' title="bbox 302 2379 1871 2428; baseline 0.001 -13"><span class='ocrx_word' id='word_1_320' title='bbox 302 2390 378 2416; x_wconf 91' lang='lat' dir='ltr'><strong>non</strong></span> <span class='ocrx_word' id='word_1_321' title='bbox 401 2381 568 2427; x_wconf 88' lang='lat' dir='ltr'><strong>potuisse</strong></span> <span class='ocrx_word' id='word_1_322' title='bbox 593 2383 887 2418; x_wconf 86' lang='lat' dir='ltr'><strong>consentaneum</strong></span> <span class='ocrx_word' id='word_1_323' title='bbox 910 2382 979 2418; x_wconf 88' lang='lat' dir='ltr'><strong>est.</strong></span> <span class='ocrx_word' id='word_1_324' title='bbox 1029 2379 1112 2424; x_wconf 80' lang='lat' dir='ltr'><strong>Quo</strong></span> <span class='ocrx_word' id='word_1_325' title='bbox 1153 2382 1280 2417; x_wconf 87' lang='lat' dir='ltr'><strong>actum</strong></span> <span class='ocrx_word' id='word_1_326' title='bbox 1303 2392 1385 2418; x_wconf 86' lang='lat' dir='ltr'><strong>esse</strong></span> <span class='ocrx_word' id='word_1_327' title='bbox 1410 2381 1540 2427; x_wconf 83' lang='lat' dir='ltr'><strong>credo,</strong></span> <span class='ocrx_word' id='word_1_328' title='bbox 1571 2382 1617 2418; x_wconf 87' lang='lat' dir='ltr'><strong>nt</strong></span> <span class='ocrx_word' id='word_1_329' title='bbox 1639 2380 1780 2428; x_wconf 77' lang='lat' dir='ltr'><strong>Pythia</strong></span> <span class='ocrx_word' id='word_1_330' title='bbox 1803 2391 1871 2417; x_wconf 82' lang='lat' dir='ltr'><strong>suo</strong></span> 
     </span>
     <span class='ocr_line' id='line_1_37' title="bbox 303 2428 1872 2512; baseline 0.002 -50"><span class='ocrx_word' id='word_1_331' title='bbox 303 2438 433 2512; x_wconf 48' lang='grc' dir='ltr'>ωηιξη</span> <span class='ocrx_word' id='word_1_332' title='bbox 426 2429 615 2466; x_wconf 85' lang='lat' dir='ltr'><strong>celebrata</strong></span> <span class='ocrx_word' id='word_1_333' title='bbox 638 2439 838 2476; x_wconf 82' lang='lat' dir='ltr'><strong>perperam</strong></span> <span class='ocrx_word' id='word_1_334' title='bbox 861 2428 1046 2475; x_wconf 87' lang='lat' dir='ltr'><strong>superiori</strong></span> <span class='ocrx_word' id='word_1_335' title='bbox 1070 2438 1169 2465; x_wconf 89' lang='lat' dir='ltr'><strong>anno</strong></span> <span class='ocrx_word' id='word_1_336' title='bbox 1194 2429 1298 2476; x_wconf 90' lang='lat' dir='ltr'><strong>(arch</strong></span> <span class='ocrx_word' id='word_1_337' title='bbox 1322 2428 1451 2465; x_wconf 78' lang='lat' dir='ltr'><strong>Sinon</strong></span> <span class='ocrx_word' id='word_1_338' title='bbox 1475 2428 1513 2465; x_wconf 91' lang='lat' dir='ltr'><strong>ol</strong></span> <span class='ocrx_word' id='word_1_339' title='bbox 1536 2432 1596 2475; x_wconf 76' lang='grc'><strong>47,</strong></span> <span class='ocrx_word' id='word_1_340' title='bbox 1621 2431 1658 2476; x_wconf 77' lang='grc'><strong>2)</strong></span> <span class='ocrx_word' id='word_1_341' title='bbox 1683 2428 1872 2465; x_wconf 83' lang='lat' dir='ltr'><strong>adscribe-</strong></span> 
     </span>
     <span class='ocr_line' id='line_1_38' title="bbox 305 2485 641 2513; baseline 0 -3"><span class='ocrx_word' id='word_1_342' title='bbox 305 2485 371 2511; x_wconf 89' lang='lat' dir='ltr'><strong>ren</strong></span> <span class='ocrx_word' id='word_1_343' title='bbox 435 2507 441 2513; x_wconf 91' lang='lat'><em>.</em></span> <span class='ocrx_word' id='word_1_344' title='bbox 636 2506 641 2510; x_wconf 92' lang='lat'>.</span> 
     </span>
    </p>

    <p class='ocr_par' dir='ltr' id='par_1_7' title="bbox 261 2477 1886 2998">
     <span class='ocr_line' id='line_1_39' title="bbox 331 2477 1873 2571; baseline 0.001 -10"><span class='ocrx_word' id='word_1_345' title='bbox 331 2535 334 2538; x_wconf 57' lang='lat'><em>⁴</em></span> <span class='ocrx_word' id='word_1_346' title='bbox 420 2477 460 2571; x_wconf 45' lang='grc' dir='ltr'><strong>’ὃ</strong></span> <span class='ocrx_word' id='word_1_347' title='bbox 485 2524 672 2571; x_wconf 80' lang='lat' dir='ltr'><strong>“Hypoth</strong></span> <span class='ocrx_word' id='word_1_348' title='bbox 696 2523 795 2560; x_wconf 86' lang='lat' dir='ltr'><strong>Pind</strong></span> <span class='ocrx_word' id='word_1_349' title='bbox 818 2522 918 2569; x_wconf 82' lang='lat' dir='ltr'><strong>Pyth</strong></span> <span class='ocrx_word' id='word_1_350' title='bbox 943 2527 964 2568; x_wconf 66' lang='grc' dir='ltr'>θ</span> <span class='ocrx_word' id='word_1_351' title='bbox 983 2526 1006 2559; x_wconf 76' lang='lat'>2</span> <span class='ocrx_word' id='word_1_352' title='bbox 1031 2523 1108 2561; x_wconf 90' lang='lat' dir='ltr'><strong>Boe</strong></span> <span class='ocrx_word' id='word_1_353' title='bbox 1133 2525 1225 2569; x_wconf 87' lang='grc' dir='ltr'>μετὰ</span> <span class='ocrx_word' id='word_1_354' title='bbox 1250 2526 1292 2562; x_wconf 82' lang='grc' dir='ltr'><strong>δὲ</strong></span> <span class='ocrx_word' id='word_1_355' title='bbox 1314 2526 1452 2571; x_wconf 84' lang='grc' dir='ltr'>χρόνον</span> <span class='ocrx_word' id='word_1_356' title='bbox 1470 2526 1603 2571; x_wconf 78' lang='grc' dir='ltr'>ἑξαετῆ</span> <span class='ocrx_word' id='word_1_357' title='bbox 1624 2536 1873 2569; x_wconf 82' lang='grc' dir='ltr'>καταγωνιεα-</span> 
     </span>
     <span class='ocr_line' id='line_1_40' title="bbox 304 2571 1868 2621; baseline 0.001 -14"><span class='ocrx_word' id='word_1_358' title='bbox 304 2571 424 2613; x_wconf 83' lang='grc' dir='ltr'>μένων</span> <span class='ocrx_word' id='word_1_359' title='bbox 447 2576 527 2608; x_wconf 86' lang='grc' dir='ltr'><strong>τῶν</strong></span> <span class='ocrx_word' id='word_1_360' title='bbox 552 2574 644 2617; x_wconf 89' lang='grc' dir='ltr'>μετὰ</span> <span class='ocrx_word' id='word_1_361' title='bbox 667 2575 737 2608; x_wconf 81' lang='grc' dir='ltr'>τοῦ</span> <span class='ocrx_word' id='word_1_362' title='bbox 762 2573 898 2608; x_wconf 78' lang='grc' dir='ltr'>Ἱππίου</span> <span class='ocrx_word' id='word_1_363' title='bbox 921 2574 1011 2609; x_wconf 74' lang='grc' dir='ltr'>τοὺς</span> <span class='ocrx_word' id='word_1_364' title='bbox 1035 2573 1364 2617; x_wconf 75' lang='grc' dir='ltr'>ὑπολελειμμένου(</span> <span class='ocrx_word' id='word_1_365' title='bbox 1385 2576 1465 2610; x_wconf 80' lang='grc' dir='ltr'><strong>τῶν</strong></span> <span class='ocrx_word' id='word_1_366' title='bbox 1491 2572 1672 2619; x_wconf 82' lang='grc' dir='ltr'>Κιρραίων</span> <span class='ocrx_word' id='word_1_367' title='bbox 1696 2571 1830 2621; x_wconf 81' lang='grc'>[0149,</span> <span class='ocrx_word' id='word_1_368' title='bbox 1848 2576 1868 2608; x_wconf 87' lang='grc'><strong>1</strong></span> 
     </span>
     <span class='ocr_line' id='line_1_41' title="bbox 303 2616 1872 2667; baseline 0.003 -15"><span class='ocrx_word' id='word_1_369' title='bbox 303 2616 361 2653; x_wconf 84' lang='lat' dir='ltr'><strong>vel</strong></span> <span class='ocrx_word' id='word_1_370' title='bbox 379 2621 437 2664; x_wconf 86' lang='grc'><strong>48,</strong></span> <span class='ocrx_word' id='word_1_371' title='bbox 455 2622 479 2655; x_wconf 86' lang='grc'>4</span> <span class='ocrx_word' id='word_1_372' title='bbox 498 2649 507 2665; x_wconf 89' lang='grc'><strong>,</strong></span> <span class='ocrx_word' id='word_1_373' title='bbox 532 2621 591 2656; x_wconf 77' lang='grc' dir='ltr'><strong>ἐπὶ</strong></span> <span class='ocrx_word' id='word_1_374' title='bbox 617 2620 684 2663; x_wconf 83' lang='grc' dir='ltr'>μὲν</span> <span class='ocrx_word' id='word_1_375' title='bbox 710 2619 902 2665; x_wconf 76' lang='grc' dir='ltr'>Ἀθήνηειν</span> <span class='ocrx_word' id='word_1_376' title='bbox 927 2620 1109 2665; x_wconf 72' lang='grc' dir='ltr'>ἄρχοντος</span> <span class='ocrx_word' id='word_1_377' title='bbox 1126 2620 1329 2667; x_wconf 79' lang='grc' dir='ltr'>Δαμαείου,</span> <span class='ocrx_word' id='word_1_378' title='bbox 1355 2622 1395 2657; x_wconf 83' lang='grc' dir='ltr'>ἐν</span> <span class='ocrx_word' id='word_1_379' title='bbox 1414 2621 1456 2658; x_wconf 86' lang='grc' dir='ltr'><strong>δὲ</strong></span> <span class='ocrx_word' id='word_1_380' title='bbox 1475 2621 1640 2665; x_wconf 75' lang='grc' dir='ltr'>Δελφοῖς</span> <span class='ocrx_word' id='word_1_381' title='bbox 1657 2622 1872 2666; x_wconf 83' lang='grc' dir='ltr'>Διοδώρου,</span> 
     </span>
     <span class='ocr_line' id='line_1_42' title="bbox 302 2666 1872 2713; baseline 0.001 -12"><span class='ocrx_word' id='word_1_382' title='bbox 302 2666 453 2710; x_wconf 68' lang='grc' dir='ltr'>ὕστερον</span> <span class='ocrx_word' id='word_1_383' title='bbox 494 2666 610 2711; x_wconf 76' lang='grc'>0149,</span> <span class='ocrx_word' id='word_1_384' title='bbox 629 2669 650 2701; x_wconf 81' lang='grc'>3</span> <span class='ocrx_word' id='word_1_385' title='bbox 694 2668 753 2702; x_wconf 83' lang='grc' dir='ltr'><strong>καὶ</strong></span> <span class='ocrx_word' id='word_1_386' title='bbox 778 2667 1001 2712; x_wconf 72' lang='grc' dir='ltr'>στεφανίτην</span> <span class='ocrx_word' id='word_1_387' title='bbox 1025 2669 1155 2704; x_wconf 78' lang='grc' dir='ltr'>ἔθεντο</span> <span class='ocrx_word' id='word_1_388' title='bbox 1188 2669 1502 2713; x_wconf 70' lang='grc' dir='ltr'><strong>κατορθιίιεαντεε.Δ</strong></span> <span class='ocrx_word' id='word_1_389' title='bbox 1552 2666 1627 2704; x_wconf 88' lang='lat' dir='ltr'><strong>Ubi</strong></span> <span class='ocrx_word' id='word_1_390' title='bbox 1651 2677 1742 2704; x_wconf 83' lang='lat' dir='ltr'><strong>voce</strong></span> <span class='ocrx_word' id='word_1_391' title='bbox 1771 2668 1872 2703; x_wconf 74' lang='grc' dir='ltr'>ὔστε-</span> 
     </span>
     <span class='ocr_line' id='line_1_43' title="bbox 304 2712 1886 2764; baseline 0.001 -16"><span class='ocrx_word' id='word_1_392' title='bbox 304 2723 371 2756; x_wconf 85' lang='grc' dir='ltr'><strong>ρον</strong></span> <span class='ocrx_word' id='word_1_393' title='bbox 402 2712 621 2760; x_wconf 81' lang='lat' dir='ltr'><strong>designatur</strong></span> <span class='ocrx_word' id='word_1_394' title='bbox 678 2712 846 2749; x_wconf 87' lang='lat' dir='ltr'><strong>iennium</strong></span> <span class='ocrx_word' id='word_1_395' title='bbox 876 2713 951 2762; x_wconf 84' lang='lat' dir='ltr'><strong>[vel</strong></span> <span class='ocrx_word' id='word_1_396' title='bbox 979 2714 1212 2764; x_wconf 59' lang='lat' dir='ltr'><strong>trienniumL</strong></span> <span class='ocrx_word' id='word_1_397' title='bbox 1242 2715 1345 2761; x_wconf 88' lang='lat' dir='ltr'><strong>quod</strong></span> <span class='ocrx_word' id='word_1_398' title='bbox 1373 2716 1461 2762; x_wconf 88' lang='lat' dir='ltr'><strong>post</strong></span> <span class='ocrx_word' id='word_1_399' title='bbox 1489 2714 1584 2752; x_wconf 78' lang='lat' dir='ltr'><strong>beni</strong></span> <span class='ocrx_word' id='word_1_400' title='bbox 1613 2714 1757 2751; x_wconf 85' lang='lat' dir='ltr'><strong>exitum</strong></span> <span class='ocrx_word' id='word_1_401' title='bbox 1781 2714 1886 2750; x_wconf 79' lang='lat' dir='ltr'><strong>ante·</strong></span> 
     </span>
     <span class='ocr_line' id='line_1_44' title="bbox 302 2759 1872 2810; baseline 0 -14"><span class='ocrx_word' id='word_1_402' title='bbox 302 2759 463 2804; x_wconf 84' lang='lat' dir='ltr'><strong>primum</strong></span> <span class='ocrx_word' id='word_1_403' title='bbox 487 2761 677 2797; x_wconf 85' lang='lat' dir='ltr'><strong>certamen</strong></span> <span class='ocrx_word' id='word_1_404' title='bbox 708 2761 942 2798; x_wconf 82' lang='lat' dir='ltr'><strong>coronarium</strong></span> <span class='ocrx_word' id='word_1_405' title='bbox 970 2764 1203 2799; x_wconf 86' lang='lat' dir='ltr'><strong>transactum</strong></span> <span class='ocrx_word' id='word_1_406' title='bbox 1233 2763 1333 2799; x_wconf 85' lang='lat' dir='ltr'><strong>est.’&#39;</strong></span> <span class='ocrx_word' id='word_1_407' title='bbox 1385 2762 1511 2810; x_wconf 85' lang='lat' dir='ltr'><strong>[Quod</strong></span> <span class='ocrx_word' id='word_1_408' title='bbox 1540 2762 1638 2798; x_wconf 87' lang='lat' dir='ltr'><strong>alter</strong></span> <span class='ocrx_word' id='word_1_409' title='bbox 1667 2760 1872 2797; x_wconf 77' lang='lat' dir='ltr'><strong>scholiasta</strong></span> 
     </span>
     <span class='ocr_line' id='line_1_45' title="bbox 303 2807 1872 2856; baseline 0.002 -14"><span class='ocrx_word' id='word_1_410' title='bbox 303 2807 338 2852; x_wconf 69' lang='grc' dir='ltr'><strong>(ξ</strong></span> <span class='ocrx_word' id='word_1_411' title='bbox 357 2811 380 2842; x_wconf 86' lang='grc'>4</span> <span class='ocrx_word' id='word_1_412' title='bbox 405 2807 495 2855; x_wconf 89' lang='lat' dir='ltr'><strong>Boe)</strong></span> <span class='ocrx_word' id='word_1_413' title='bbox 518 2808 576 2844; x_wconf 84' lang='lat' dir='ltr'><strong>ita</strong></span> <span class='ocrx_word' id='word_1_414' title='bbox 599 2807 885 2854; x_wconf 83' lang='lat' dir='ltr'><strong>interpretatus,</strong></span> <span class='ocrx_word' id='word_1_415' title='bbox 917 2811 962 2845; x_wconf 89' lang='lat' dir='ltr'><strong>nt</strong></span> <span class='ocrx_word' id='word_1_416' title='bbox 985 2812 1112 2856; x_wconf 86' lang='grc' dir='ltr'>ἑξαετῆ</span> <span class='ocrx_word' id='word_1_417' title='bbox 1137 2812 1274 2855; x_wconf 81' lang='grc' dir='ltr'>χρόνον</span> <span class='ocrx_word' id='word_1_418' title='bbox 1297 2816 1373 2845; x_wconf 87' lang='lat' dir='ltr'><strong>non</strong></span> <span class='ocrx_word' id='word_1_419' title='bbox 1398 2810 1519 2846; x_wconf 88' lang='lat' dir='ltr'><strong>solum</strong></span> <span class='ocrx_word' id='word_1_420' title='bbox 1549 2809 1600 2845; x_wconf 84' lang='lat' dir='ltr'><strong>ad</strong></span> <span class='ocrx_word' id='word_1_421' title='bbox 1624 2819 1872 2853; x_wconf 77' lang='grc' dir='ltr'>καταγωνιεα-</span> 
     </span>
     <span class='ocr_line' id='line_1_46' title="bbox 261 2854 1870 2903; baseline 0.001 -13"><span class='ocrx_word' id='word_1_422' title='bbox 261 2871 263 2873; x_wconf 88' lang='grc'><em>·</em></span> <span class='ocrx_word' id='word_1_423' title='bbox 305 2855 437 2900; x_wconf 83' lang='grc' dir='ltr'>μένων,</span> <span class='ocrx_word' id='word_1_424' title='bbox 469 2855 536 2891; x_wconf 84' lang='lat' dir='ltr'><strong>sed</strong></span> <span class='ocrx_word' id='word_1_425' title='bbox 566 2855 683 2891; x_wconf 85' lang='lat' dir='ltr'><strong>etiam</strong></span> <span class='ocrx_word' id='word_1_426' title='bbox 713 2856 764 2892; x_wconf 83' lang='lat' dir='ltr'><strong>ad</strong></span> <span class='ocrx_word' id='word_1_427' title='bbox 793 2859 923 2893; x_wconf 81' lang='grc' dir='ltr'>ἔθεντο</span> <span class='ocrx_word' id='word_1_428' title='bbox 954 2857 1127 2903; x_wconf 80' lang='lat' dir='ltr'><strong>referret,</strong></span> <span class='ocrx_word' id='word_1_429' title='bbox 1162 2856 1300 2892; x_wconf 87' lang='lat' dir='ltr'><strong>omisso</strong></span> <span class='ocrx_word' id='word_1_430' title='bbox 1323 2859 1478 2902; x_wconf 78' lang='grc' dir='ltr'>ὕετερον</span> <span class='ocrx_word' id='word_1_431' title='bbox 1507 2857 1549 2893; x_wconf 90' lang='lat' dir='ltr'><strong>in</strong></span> <span class='ocrx_word' id='word_1_432' title='bbox 1579 2855 1698 2892; x_wconf 85' lang='lat' dir='ltr'><strong>artius</strong></span> <span class='ocrx_word' id='word_1_433' title='bbox 1729 2854 1870 2903; x_wconf 62' lang='lat' dir='ltr'><strong>coegit:</strong></span> 
     </span>
     <span class='ocr_line' id='line_1_47' title="bbox 305 2902 1872 2951; baseline 0.001 -14"><span class='ocrx_word' id='word_1_434' title='bbox 305 2902 366 2936; x_wconf 83' lang='grc' dir='ltr'><strong>καί</strong></span> <span class='ocrx_word' id='word_1_435' title='bbox 390 2903 464 2938; x_wconf 81' lang='grc' dir='ltr'>ἔτει</span> <span class='ocrx_word' id='word_1_436' title='bbox 488 2905 586 2950; x_wconf 80' lang='grc' dir='ltr'>ἕκτῳ</span> <span class='ocrx_word' id='word_1_437' title='bbox 612 2905 705 2947; x_wconf 88' lang='grc' dir='ltr'>μετὰ</span> <span class='ocrx_word' id='word_1_438' title='bbox 728 2906 800 2948; x_wconf 81' lang='grc' dir='ltr'><strong>τὴν</strong></span> <span class='ocrx_word' id='word_1_439' title='bbox 826 2904 958 2949; x_wconf 76' lang='grc' dir='ltr'>Κίρρα(</span> <span class='ocrx_word' id='word_1_440' title='bbox 981 2907 1116 2941; x_wconf 76' lang='grc' dir='ltr'>ἅλωειν</span> <span class='ocrx_word' id='word_1_441' title='bbox 1139 2905 1370 2949; x_wconf 80' lang='grc' dir='ltr'>ἀνεκήρυξαν</span> <span class='ocrx_word' id='word_1_442' title='bbox 1393 2909 1449 2950; x_wconf 82' lang='grc' dir='ltr'>τῷ</span> <span class='ocrx_word' id='word_1_443' title='bbox 1467 2908 1543 2951; x_wconf 84' lang='grc' dir='ltr'><strong>θεῷ</strong></span> <span class='ocrx_word' id='word_1_444' title='bbox 1559 2907 1629 2940; x_wconf 75' lang='grc' dir='ltr'>’τὸν</span> <span class='ocrx_word' id='word_1_445' title='bbox 1646 2906 1872 2948; x_wconf 70' lang='grc' dir='ltr'>στεφανίτην</span> 
     </span>
     <span class='ocr_line' id='line_1_48' title="bbox 306 2948 1873 2998; baseline 0.001 -14"><span class='ocrx_word' id='word_1_446' title='bbox 306 2948 365 2984; x_wconf 79' lang='grc' dir='ltr'><strong>ἐπὶ</strong></span> <span class='ocrx_word' id='word_1_447' title='bbox 390 2950 589 2996; x_wconf 82' lang='grc' dir='ltr'>Διοδώρου</span> <span class='ocrx_word' id='word_1_448' title='bbox 615 2951 683 2994; x_wconf 85' lang='grc' dir='ltr'>μὲν</span> <span class='ocrx_word' id='word_1_449' title='bbox 710 2951 891 2996; x_wconf 69' lang='grc' dir='ltr'>ἄρχοντος</span> <span class='ocrx_word' id='word_1_450' title='bbox 913 2952 1095 2998; x_wconf 73' lang='grc' dir='ltr'>Δελφοῖς,</span> <span class='ocrx_word' id='word_1_451' title='bbox 1127 2951 1298 2997; x_wconf 72' lang='grc' dir='ltr'>Ἀθήνηει</span> <span class='ocrx_word' id='word_1_452' title='bbox 1321 2952 1364 2988; x_wconf 78' lang='grc' dir='ltr'><strong>δὲ</strong></span> <span class='ocrx_word' id='word_1_453' title='bbox 1388 2952 1609 2996; x_wconf 74' lang='grc' dir='ltr'>Δαμάειδοε.</span> <span class='ocrx_word' id='word_1_454' title='bbox 1658 2948 1732 2986; x_wconf 82' lang='lat' dir='ltr'><strong>Sed</strong></span> <span class='ocrx_word' id='word_1_455' title='bbox 1761 2949 1873 2997; x_wconf 83' lang='lat' dir='ltr'><strong>plura</strong></span> 
     </span>
    </p>
   </div>
  </div>
 </body>
</html>
